1741 2919
289 119 350 168 80
538 130 588 175 L.
639 128 938 176 ANNAEI
990 130 1346 178 SENECAE

287 233 452 281 finisti-a
481 250 613 280 manu
643 233 763 282 stare.
798 236 929 282 Tunc
962 234 1148 284 intendit
1172 254 1344 296 arcum,
1363 247 1406 284 et
1435 236 1578 302 ipsum

287 322 368 352 cor
398 305 683 352 adolescentis
714 303 794 369 (id
818 307 937 353 enim
966 307 1008 355 se
1037 321 1185 371 petere
1212 309 1415 374 dixerat)
1447 310 1543 374 figit
1564 350 1581 374 ,

286 378 516 441 recisoque
545 380 726 442 pe&ore
758 381 942 429 haerens
979 383 1024 429 in
1058 384 1156 446 ipso
1193 384 1332 430 corde
1366 384 1579 448 spiculum

286 452 480 499 ostendit
498 474 507 498 :
528 470 577 499 ac
604 454 840 517 respiciens
866 471 1034 518 patrem
1050 493 1065 514 ,
1085 458 1236 504 satisne
1256 472 1419 504 certam
1445 458 1579 505 habe·-

285 539 354 573 ret
373 528 587 573 manum?
611 528 917 593 interrogavit.
939 535 996 578 At
1029 531 1101 577 ille
1126 532 1303 595 negavit
1324 531 1580 595 Apollinem

286 598 477 662 potuisse
505 601 664 648 certius
702 601 937 651 dimittere.
969 605 1047 652 Dii
1072 605 1194 652 illum
1222 606 1334 652 male
1364 606 1548 668 perdant
1566 642 1583 663 ,

289 671 440 719 animo
468 675 607 737 magis
634 692 765 738 quam
792 677 1054 725 conditione
1083 680 1364 742 mancipium.
1389 680 1491 727 Eius
1517 680 1583 728 rei

272 744 492 792 ¹laudator
510 745 614 805 fuit,
636 747 759 795 cuius
778 748 908 795 nimis
929 762 1019 795 erat
1040 750 1325 812 spesiatorem
1348 750 1486 798 fuisse.
1505 766 1584 797 oc·

289 819 511 866 casionem
542 819 852 867 blanditiarum
885 821 1088 884 putavit,
1116 823 1267 885 peEius
1293 821 1371 869 filii
1403 822 1448 869 in
1479 822 1584 870 duas

288 905 431 954 partes
449 893 675 940 diductum
691 929 705 951 ‚
731 906 775 941 et
794 911 876 941 cor
905 894 983 941 sub
1002 895 1185 943 vulnere
1205 895 1428 958 palpitans.
1453 895 1584 942 Con-

289 966 553 1013 troverfiam
579 967 639 1012 illi
667 967 809 1014 facere
837 967 891 1013 de
923 967 1063 1030 gloria
1090 967 1244 1013 debuit
1263 1002 1276 1024 ‚
1299 979 1341 1014 et
1369 877 1741 1144 revocat*

291 1038 451 1085 iasium
466 1074 480 1096 ‚
493 1050 543 1084 ut
559 1039 649 1102 regi
667 1039 877 1085 liberetin
898 1038 994 1102 ipso
1014 1053 1137 1102 patre
1151 1040 1384 1087 certiorem
1405 1057 1567 1086 manu„

291 1111 537 1158 ostendere.
567 1114 612 1158 O
639 1129 787 1175 regem
818 1113 1076 1160 cruentum!
1106 1129 1136 1159 o
1163 1113 1345 1176 dignum
1376 1113 1422 1160 in
1449 1130 1583 1177 quem

294 1182 498 1229 omnium
537 1183 714 1230 suorum
746 1200 872 1231 arcus
902 1182 1209 1230 verterentur!
1241 1184 1358 1230 Cum
1391 1183 1586 1231 execrati

292 1255 507 1303 fuerimus
523 1257 643 1303 illum
661 1294 674 1313 ‚
697 1258 910 1304 convivia
930 1257 1151 1320 suppliciis
1172 1257 1482 1320 funeribusque
1502 1258 1587 1305 sol-

293 1343 474 1375 ventem
492 1361 507 1384 ,
539 1342 686 1377 tamen
706 1329 953 1377 sceleratius
971 1330 1107 1375 telum
1134 1328 1238 1375 illud
1256 1330 1473 1376 laudatum
1491 1329 1552 1375 est
1569 1365 1587 1386 ,

293 1418 428 1464 quam
447 1402 635 1449 missum.
667 1403 929 1449 Videbimus
948 1402 1183 1465 quomodo
1216 1402 1258 1449 se
1284 1417 1406 1467 pater
1433 1419 1586 1467 gerere

295 1475 525 1532 debuerit,
557 1475 671 1522 stans
704 1476 830 1538 super
864 1476 1052 1523 cadaver
1082 1474 1162 1522 filii
1196 1476 1290 1535 sui,
1322 1476 1588 1538 caedemque

295 1547 436 1604 illam,
464 1549 586 1596 cuius
602 1560 645 1595 et
663 1547 779 1595 testis
799 1547 941 1594 fuerat
961 1564 1004 1595 et
1034 1548 1171 1595 causa„
1203 1549 1249 1595 id
1268 1550 1323 1596 de
1351 1565 1443 1612 quo
1469 1565 1588 1596 nunc

296 1620 468 1684 agitur,
486 1637 666 1684 apparet
681 1657 694 1679 ,
715 1621 823 1667 iram
845 1621 1056 1684 supprimi
1078 1621 1217 1685 poffe.
1237 1624 1343 1669 Non
1362 1622 1588 1670 maledixit

297 1694 414 1758 regi,
439 1696 605 1742 nullum
638 1696 778 1742 emisit
803 1713 859 1743 ne
894 1697 1132 1744 calamitosi
1162 1697 1341 1762 quidem
1372 1697 1589 1753 verbum,

299 1783 401 1813 cum
428 1784 563 1831 aeque
588 1785 668 1815 cor
696 1768 820 1815 suum
837 1804 850 1828 ,
878 1786 1011 1833 quam
1041 1768 1119 1816 filii
1136 1807 1151 1826 ‚
1177 1768 1433 1817 transfixum
1459 1769 1586 1816 vide-

299 1851 379 1886 ret.
398 1840 544 1886 Potest
570 1841 656 1888 dici
675 1877 689 1900 ‚
709 1843 869 1888 merito
889 1842 1116 1890 devorasse
1135 1843 1284 1890 verba.
1303 1840 1403 1888 nam
1426 1842 1456 1887 fi
1476 1840 1589 1904 quid

301 1926 511 1979 tanquam
541 1917 675 1964 iratus
705 1917 907 1976 dixiffet,
934 1918 1041 1965 nihil
1063 1934 1269 1981 tanquam
1303 1928 1426 1981 pater
1444 1915 1590 1962 facere

300 1991 523 2052 potuisset.
545 1991 716 2046 Potest,
736 1993 917 2057 inquam
937 2026 951 2049 ‚
977 1993 1119 2041 videri
1140 1992 1372 2055 sapientius
1388 1990 1429 2037 se
1449 1990 1492 2036 in
1512 1990 1591 2036 illo

302 2063 401 2110 casu
417 2064 582 2128 geffiss‘e
599 2101 613 2123 ‚
642 2083 894 2129 quam-cum
918 2069 971 2114 de
988 2065 1170 2131 potandi
1192 2066 1332 2111 modo
1361 2062 1590 2127 praecipe-

299 2152 370 2188 :ret
389 2156 398 2185 :
422 2155 553 2202 quern
575 2139 701 2186 satius
721 2153 810 2186 erat
829 2142 984 2188 vinum
1004 2158 1137 2205 quam
1154 2139 1402 2202 sanguinem
1423 2136 1590 2193 bibere,

304 2211 428 2258 cuius
456 2229 612 2258 manus
635 2214 805 2276 poculis
824 2214 1038 2276 occupari
1056 2230 1140 2277 pax
1165 2224 1268 2259 erat.
1300 2210 1492 2258 Acceffit
1511 2210 1591 2256 ita·

305 2300 391 2346 que
407 2286 463 2332 ad
488 2304 718 2334 numerum
744 2305 899 2335 eorum
919 2320 933 2344 ‚
954 2289 1029 2351 qui
1049 2288 1215 2352 magnis
1236 2286 1429 2333 cladibus
1446 2285 1592 2332 osten-

305 2360 480 2414 derunt,
498 2361 648 2424 quanti
661 2361 907 2412 constarent
922 2380 1077 2427 regum
1096 2362 1246 2408 amicis
1264 2361 1381 2408 bona
1395 2361 1592 2408 consilia,

370 2434 478 2482 XV.
520 2437 630 2482 Non
665 2435 850 2497 dubito,
882 2437 991 2501 quin
1028 2436 1257 2501 Harpagus
1292 2451 1476 2501 quoque
1505 2433 1590 2482 tale
