1741 2919
269 160 801 209 CONSOLATIO
843 158 944 207 AD
990 159 1262 206 POLYB.
1336 158 1424 222 167

137 268 317 332 cupiss‘e.
350 270 503 319 Divus
532 269 754 334 Augustus
785 267 925 315 amisit
956 268 1192 316 Octaviam
1225 266 1425 314 sororem

137 343 429 403 cariffimam‚
459 358 503 391 et
532 361 586 391 ne
615 343 655 391 ei
684 343 867 407 quidem
891 360 1036 389 rerum
1066 354 1218 389 natura
1245 340 1425 405 lugendi

138 416 428 466 necessitatem
447 417 621 464 ab'stulit
633 452 647 476 ‚
664 416 734 463 cui
755 416 926 462 coelum
947 416 1262 464 destinaverat:
1282 416 1426 462 immo

138 505 250 536 vero
285 488 402 535 idem
435 489 560 536 omni
594 505 752 552 genere
780 488 982 535 orbitatis
1013 500 1226 547 vexatus,
1261 487 1427 536 sororis

137 561 274 610 filium
301 562 556 611 successioni
580 574 884 626 praeparatum
915 564 1013 610 suae
1034 562 1240 626 perdidit.
1278 562 1427 609 Deni-

137 652 225 698 que
247 653 304 683 ne
329 635 521 700 singulos
556 637 648 683 eius
676 636 816 683 luctus
841 652 1097 683 enumerem
1119 670 1132 694 ,
1170 649 1212 681 et
1239 651 1427 698 generos

135 707 207 754 ille
227 708 393 765 amisit,
417 725 460 758 et
477 711 660 766 liberos,
689 725 733 758 et
753 722 963 773 nepotes:
986 727 1036 756 ac
1059 725 1194 757 nemo
1212 709 1351 773 magis
1369 726 1426 755 ex

138 781 343 831 omnibus
362 784 622 831 mortalibus
637 782 866 829 hominem
888 781 973 829 effe
993 782 1060 840 se,
1085 783 1188 829 dum
1210 781 1323 828 inter
1340 781 1428 828 ho-

136 853 277 902 mines
303 871 416 915 erat,
444 856 583 904 sensit.
618 858 791 902 Tamen
810 869 891 902 >tot
926 867 1158 918 tantosque
1184 854 1323 901 lucius
1350 871 1428 901 ce-

134 929 200 993 pit
228 946 376 978 rerum
410 931 612 979 omnium
647 929 972 994 capaciffimum
1000 929 1091 976 eius
1120 930 1293 992 pecias,
1325 929 1427 976 vic·

133 1013 294 1067 torque
331 1003 461 1052 divus
497 1003 714 1068 Augustus
748 1020 841 1050 non
875 1003 1075 1066 gentium
1111 1003 1426 1050 tantummodo

135 1090 411 1125 externarum
433 1115 445 1136 ‚
463 1079 536 1126 sed
557 1080 688 1126 etiam
718 1078 926 1125 dolorum
947 1077 1045 1125 fuit.
1067 1078 1203 1124 Caius
1233 1077 1393 1125 Caesar
1412 1113 1428 1137 ,

135 1149 230 1198 divi
258 1150 443 1216 Augusti
461 1151 668 1200 avunculi
696 1151 784 1200 mei
803 1150 915 1199 filius
933 1168 982 1198 ac
1012 1168 1178 1214 nepos,
1195 1151 1312 1198 circa
1335 1149 1428 1213 pri-

136 1238 235 1270 mos
251 1223 458 1271 iuventae
477 1224 573 1271 suae
593 1241 733 1271 annos
753 1224 936 1271 Lucium
959 1223 1137 1270 fratrem
1160 1222 1427 1288 cariffimnm

134 1295 241 1351 fibi,
273 1296 478 1360 princeps
504 1297 742 1345 iuventutis
768 1296 1017 1360 principem
1047 1297 1245 1343 eiusdem
1270 1296 1427 1343 inven-

134 1368 238 1416 tutis
265 1368 433 1427 amisit,
469 1370 513 1415 in
535 1381 746 1434 apparatu
780 1369 971 1417 Parthici
1001 1369 1103 1416 belli
1130 1405 1142 1428 ,
1170 1381 1214 1415 et
1244 1369 1427 1433 gravio-

133 1456 181 1486 re
209 1443 352 1488 multo
383 1442 516 1488 animi
543 1442 754 1499 vulnere,
781 1459 910 1505 quam
938 1441 1088 1505 postea
1113 1442 1340 1505 corporis,
1359 1441 1427 1489 ic-

134 1527 206 1563 tus
227 1514 319 1562 est:
347 1518 470 1579 quod
499 1531 736 1580 utrumque
768 1515 956 1579 piiffime
989 1517 1107 1563 idem
1127 1512 1211 1575 ,et
1235 1515 1425 1562 fortiffi-

136 1605 208 1635 me
237 1588 347 1636 tulit.
377 1588 536 1636 Caesar
569 1605 750 1652 patruus
775 1606 894 1636 meus
910 1589 1148 1651 &Drusum
1185 1589 1425 1636 Germani-

131 1676 235 1706 cum
263 1673 430 1723 patrem
454 1678 628 1719 meum,
659 1663 881 1708 minorem
910 1674 1016 1708 natu
1044 1678 1178 1726 quam
1205 1661 1295 1724 ipse
1327 1671 1422 1710 e'rat

132 1731 312 1779 fratrem
329 1769 341 1791 ‚
365 1733 519 1780 intima
546 1734 812 1781 Germaniae
843 1733 1137 1780 recludentem
1155 1766 1168 1790 ,
1191 1745 1235 1780 et
1270 1746 1423 1797 gentes
1486 1745 1493 1748 ”

134 1804 418 1854 ferociffimas
440 1808 648 1854 Romano
672 1806 973 1855 subiicientem
998 1806 1188 1870 imperio
1203 1842 1215 1864 ,
1236 1806 1280 1852 in
1303 1823 1427 1852 com·

131 1880 265 1943 plexu
292 1893 334 1928 et
365 1882 525 1929 osculis
551 1881 633 1929 suis
660 1881 825 1928 amifit:
849 1881 1036 1927 modum
1064 1893 1212 1928 tamen
1243 1881 1423 1945 lugendi

132 1971 224 2001 non
253 1953 329 2002 fibi
357 1968 546 2011 tantum,
574 1956 646 2002 sed
679 1956 808 2002 etiam
830 1955 921 2001 atiis
947 1955 1051 2003 fecit
1074 1974 1085 2002 :
1105 1973 1155 2002 ac
1185 1969 1331 2003 totum
1352 1975 1424 2003 ex-

133 2029 316 2076 ercitum
332 2065 344 2087 ,
364 2047 456 2076 non
478 2031 617 2077 solum
639 2029 857 2077 moestum
874 2063 887 2084 ‚
912 2030 983 2076 sed
1010 2030 1141 2076 etiam
1168 2031 1423 2091 attonitum,

131 2119 294 2166 corpus
320 2105 453 2151 Drusi
479 2105 540 2151 sui
569 2105 646 2151 fibi
681 2104 984 2151 vindicantem
1001 2139 1013 2161 ‚
1045 2105 1098 2150 ad
1125 2121 1298 2152 morem
1322 2106 1422 2151 Ro-

133 2175 250 2222 mani
269 2177 404 2224 lucius
427 2177 625 2241 redegit:
647 2177 952 2240 iudicavitque
978 2193 1069 2223 non
1097 2177 1310 2223 militandi
1330 2190 1423 2224 tan-

134 2262 228 2295 tum
254 2250 522 2313 disciplinam
553 2250 639 2297 effe
670 2250 926 2297 servandam
945 2286 957 2307 ,
981 2251 1051 2296 sed
1069 2252 1199 2297 etiam
1224 2251 1421 2299 dolendi.

136 2323 241 2367 Non
270 2323 478 2384 potuisset
506 2324 577 2371 ille
604 2325 804 2371 lacrimas
831 2324 988 2371 alienas
1014 2326 1318 2389 compescere,
1343 2327 1420 2372 nifi

132 2394 251 2457 prius
279 2396 485 2456 prei'iiffet
517 2398 622 2445 suas.

198 2470 398 2517 XXXV.
446 2474 506 2519 M.
544 2474 764 2522 Antonius
801 2493 908 2524 avus
936 2491 1084 2530 metm,
1114 2476 1237 2524 millo
1271 2477 1420 2523 minor

1017 2542 1051 2586 L
1086 2559 1115 2600 4
