1741 2919
321 139 419 189 DE
460 140 1037 189 PROVIDENTtA
1084 137 1310 188 LIBER.
1380 153 1464 202 231

192 259 288 294 tum
318 249 504 297 humana
535 265 686 298 natura
713 249 853 312 poffet
883 250 985 312 pati.
1009 250 1157 314 Fugite
1188 247 1376 295 delicias.
1404 246 1473 293 fu·-

189 320 279 383 gite
314 336 564 370 enervatam
598 321 882 378 felicitatem,
930 338 1014 384 qua
1051 321 1185 368 animi
1220 319 1471 383 permadef-

191 406 326 452 cunt,
354 396 430 442 nisi
458 396 620 460 aliquid
648 394 915 452 intervenit,
944 395 1074 458 quod*
1099 395 1314 441 humanae
1347 393 1473 441 sortis

192 468 455 526 admoneat,
489 469 610 515 velut
643 478 853 530 perpetua
888 467 1094 514 ebrietate
1130 465 1276 530 sopiti.
1322 467 1473 527 Quem

193 538 427 600 specularia
452 538 619 602 semper
640 538 694 583 ab
726 536 891 593 adflatu
913 537 1217 594 vindicarunt,
1244 536 1367 584 cuius
1391 554 1473 600 pe-

194 612 270 658 des
297 612 409 658 inter
436 611 637 658 fomenta
667 610 847 657 subinde
877 623 1043 658 mutata
1067 622 1320 673 tepuerunt,
1349 612 1474 659 cuius

193 685 478 734 coenationes
509 686 702 732 subditus
737 698 780 733 et
813 686 1051 749 parietibus
1089 684 1371 732 circumfusus
1400 702 1473 733 ea-

190 757 263 804 lor
291 760 580 822 temperavit,
608 760 723 807 hunc
750 760 858 807 levis
889 777 992 807 aura
1027 775 1119 806 non
1152 757 1238 804 {ine
1273 759 1473 821 periculo

192 829 386 895 stringet.
411 832 526 878 Cum
549 832 721 888 omnia,
742 849 851 895 quae
871 832 1136 880 excesserunt
1155 830 1337 877 modum
1355 866 1368 888 ‚
1390 847 1472 877 no-

195 918 357 960 ceant3
386 903 741 966 periculosiffima
771 903 990 952 felicitatis
1027 902 1361 967 intemperantia
1395 902 1473 950 est.

191 976 355 1024 Movet
367 976 675 1032 cerebrum‚in
690 994 825 1025 vanas
847 990 1037 1024 mentem
1059 976 1269 1040 imagines
1283 987 1470 1032 evocat,

195 1048 385 1095 multum
404 1049 516 1096 inter
538 1048 689 1096 falsum
709 1066 758 1098 ac
777 1066 934 1098 verum
961 1049 1131 1095 mediae
1156 1048 1348 1112 caliginis
1371 1046 1472 1094 fun·

193 1118 273 1166 dit.
309 1119 478 1180 Quidni
504 1120 634 1168 satius
655 1121 732 1178 fit,
758 1135 1012 1184 perpetuam
1030 1119 1333 1166 infelicitatem
1360 1136 1472 1183 quae

192 1193 386 1241 advocat
416 1193 471 1240 ad
509 1194 720 1241 virtutem
749 1193 980 1249 sustinere,
1022 1209 1153 1257 quam
1183 1191 1367 1239 infinitis
1405 1206 1472 1240 at-

194 1280 281 1327 que
312 1264 564 1312 immodicis
595 1265 726 1312 bonis
757 1264 904 1328 rumpi
923 1265 951 1311 ἕ
974 1265 1139 1312 Levior
1169 1265 1319 1312 ieiuno
1351 1284 1473 1315 mors

191 1336 280 1384 est:
300 1338 511 1384 cruditate
538 1337 755 1386 diffiliunt.
779 1338 905 1408 Hanc
930 1338 1076 1402 itaque
1096 1338 1310 1386 rationem
1331 1341 1391 1387 dii
1412 1342 1472 1388 se-

194 1422 388 1473 quuntur
405 1410 450 1455 in
470 1409 601 1456 bonis
630 1409 738 1457 virIS
751 1445 766 1467 ,
785 1426 916 1473 quam
945 1409 989 1456 in
1008 1410 1226 1475 discipulis
1244 1413 1327 1460 suis
1347 1430 1472 1477 prae-

194 1497 424 1546 ceptores:
444 1483 518 1548 qui
540 1483 633 1545 plus
665 1483 826 1531 laboris
849 1484 903 1530 ab
928 1483 994 1531 his
1014 1484 1220 1548 exigunt,
1245 1485 1289 1532 in
1315 1486 1473 1550 quibus

193 1554 359 1601 certior
387 1555 481 1617 spes
509 1555 588 1602 est.
611 1555 842 1620 Numquid
871 1569 917 1604 tu
945 1556 1112 1603 invisos
1138 1556 1225 1604 effe
1254 1559 1472 1606 Lacedae—

193 1628 363 1675 moniis.
378 1629 545 1677 liberos,
562 1629 662 1676 suos
684 1629 822 1678 credis
839 1665 850 1687 ‚
877 1646 1069 1694 quorum
1096 1630 1382 1693 experiuntur
1406 1633 1473 1678 in-

194 1701 343 1748 dolem
371 1702 547 1764 publice
565 1702 823 1752 verberibus
849 1703 1070 1750 admotis?
1098 1703 1176 1766 ipsi
1200 1703 1296 1752 illos
1326 1721 1471 1769 patres

195 1775 507 1836 adhortantur,
535 1790 583 1824 ut
602 1777 709 1824 istus
728 1777 1000 1841 flagellorum
1026 1775 1204 1825 fortiter
1225 1779 1473 1842 perferant,

195 1860 239 1894 et
266 1848 438 1896 laceros
463 1866 514 1897 ac
542 1849 814 1898 semianimes
840 1861 1028 1912 rogant,
1060 1850 1342 1914 perseverent
1367 1854 1472 1900 vul-

194 1939 300 1969 nera
334 1924 544 1986 praebere
567 1924 834 1972 vulneribus.
857 1924 981 1984 Quid
1001 1925 1160 1973 mirum
1176 1960 1191 1983 ‚
1215 1926 1246 1972 fi
1270 1929 1376 1975 dure
1397 1946 1474 1992 ge-

194 1997 377 2045 nerosos
401 1997 569 2063 spiritus
596 2000 719 2046 Deus
737 2003 902 2046 tentat?
921 2015 1148 2064 nunquam
1165 2001 1340 2050 virtutis
1360 2004 1475 2050 mol-

194 2070 235 2116 le
263 2072 584 2118 documentum
610 2070 684 2118 est.
723 2073 940 2120 Verberat
963 2089 1044 2120 nos
1072 2084 1115 2120 et
1139 2074 1298 2122 lacerat
1326 2075 1474 2125 fortu-

197 2162 252 2191 na
267 2145 293 2193 ?2
316 2146 545 2209 patiamur.
576 2162 666 2193 non
696 2145 756 2192 est
781 2146 960 2194 saevitia
982 2164 996 2193 ε
1029 2161 1248 2196 certamen
1278 2149 1352 2196 est.
1381 2167 1476 2214 quo

197 2217 362 2280 saepius
385 2219 638 2275 adierimus,
661 2217 867 2266 fortiores
891 2220 1070 2268 erimus.
1098 2221 1356 2268 Solidiffima
1376 2239 1477 2286 pars

196 2290 258 2336 est
273 2291 494 2354 corporis,
518 2307 650 2354 quam
669 2290 874 2356 frequens
895 2293 992 2340 usus
1011 2294 1210 2356 agitavit.
1231 2296 1475 2346 Praebendi

195 2361 395 2412 fortunae
410 2362 572 2418 sumus,
590 2377 636 2408 ut
651 2376 802 2410 contra
820 2361 955 2425 ipsam
969 2364 1022 2410 ab
1037 2365 1125 2428 ipsa
1140 2365 1358 2414 duremur.
1375 2370 1478 2417 Pau·

195 2436 318 2485 latim
350 2452 431 2488 nos
452 2435 527 2486 fibi
544 2453 668 2502 pares
700 2438 844 2489 faciat.
874 2452 1149 2491 contemtum
1177 2440 1478 2503 periculorum

1120 2507 1284 2578 1³4·
