1741 2919
262 176 315 207 12
514 163 564 207 L.
606 161 906 208 ANNAEI
956 162 1310 209 SENECAE

253 267 370 315 niam
403 266 509 315 nihil
533 267 714 316 rationis
742 268 831 325 est,
867 269 942 316 ubi
970 269 1099 318 semel
1127 269 1305 316 affectus
1334 268 1535 316 indueras

253 339 338 398 est,
368 340 521 403 iusque
551 339 614 386 illi
648 341 827 404 aliquod
852 340 1083 388 voluntate
1106 341 1251 388 nostra
1282 340 1433 387 datum
1465 340 1540 387 est.

254 413 399 459 Faciet
424 414 478 459 de
501 429 654 461 cetero
672 429 887 478 quantum
906 415 1055 473 volet,
1074 431 1168 461 non
1201 426 1412 478 quantum
1438 430 1541 476 per-

255 486 437 533 miseris.
456 489 504 532 In
530 488 711 550 primis,
740 488 921 551 inquam
939 522 953 544 ,
979 486 1139 534 finibus
1167 487 1303 533 hostis
1333 488 1543 533 arcendus

255 558 332 606 est.
371 576 469 606 nam
494 577 592 607 cum
621 562 833 617 intravit,
861 573 905 607 et
938 561 1078 623 portis
1097 561 1138 607 se
1156 560 1328 616 intulit,
1357 561 1542 606 modum

255 652 282 681 a
305 637 492 699 captivis
518 654 609 683 non
637 637 809 700 accipit.
829 638 986 699 Neque
1008 634 1123 683 enim
1145 635 1353 699 sepositus
1373 633 1434 682 est
1452 633 1545 680 ani-

256 727 356 759 mus
373 744 386 767 ‚
408 727 451 758 et
470 712 737 759 extrinsecus
758 711 1004 775 speculatur
1023 710 1198 757 affectus
1211 747 1225 770 ‚
1251 725 1299 759 ut
1327 710 1428 757 illos
1453 726 1545 755 non

258 787 446 849 patiatur
471 787 582 833 ultra
610 804 740 851 quam
762 798 943 850 oportet
963 785 1204 850 procedere
1221 821 1235 842 ,
1257 784 1330 831 sed
1349 785 1393 831 in
1413 783 1547 832 affec-

257 870 350 905 tum
374 860 464 922 ipse
489 871 683 906 mutatur
705 876 715 905 :
738 859 927 923 ideoque
961 875 1050 904 non
1080 857 1221 921 potest
1249 857 1398 905 utilem
1426 858 1546 904 illam

258 933 354 980 vim
377 950 421 981 et
442 934 670 981 salutarem
687 970 700 992 ‚
721 934 941 997 proditam
962 933 1048 979 iam
1070 931 1423 994 infirmatamque
1437 966 1450 989 ‚
1475 947 1548 977 re·-

258 1021 438 1053 vocare.
458 1009 565 1053 Non
584 1008 702 1054 enim
718 1044 731 1066 ‚
755 1020 802 1053 ut
822 1007 941 1064 dixi,
968 1006 1178 1068 separatas
1201 1004 1277 1051 ista
1304 1004 1422 1051 sedes
1451 1004 1544 1051 suas

257 1078 544 1143 diductasque
563 1080 725 1127 habent
747 1099 757 1126 ε
784 1080 858 1127 sed
887 1078 1068 1125 affectus
1100 1089 1143 1124 et
1174 1077 1286 1124 ratio
1317 1077 1363 1123 in
1389 1077 1546 1124 melius

258 1153 474 1218 peiusque
493 1155 683 1201 mutatio
703 1155 838 1201 animi
853 1154 926 1201 est.
942 1152 1194 1213 Quomodo
1213 1168 1321 1214 ergo
1338 1151 1452 1197 ratio
1473 1167 1551 1198 oc-

260 1238 416 1289 cupata
448 1240 490 1274 et
520 1227 723 1290 oppressa
753 1227 871 1274 vitiis
903 1227 1123 1288 resurget,
1145 1242 1255 1288 quae
1285 1224 1373 1269 irae
1392 1222 1549 1270 ceffit?

262 1310 335 1344 aut
356 1299 734 1360 quemadmodum
756 1315 778 1344 a
797 1297 1058 1344 confusione
1075 1297 1116 1342 se
1135 1295 1337 1343 liberabit
1351 1327 1364 1350 ‚
1406 1295 1448 1339 in
1470 1311 1555 1357 qua

262 1371 466 1433 peiorum
501 1371 687 1417 mixtura
716 1369 998 1434 praevaluit?
1030 1369 1116 1415 Sed
1144 1369 1322 1432 quidam
1340 1402 1354 1425 ‚
1381 1368 1523 1431 inquit
1541 1403 1557 1425 ,

263 1443 308 1489 in
330 1444 391 1489 ira
410 1444 451 1489 se
472 1444 711 1490 continent.
731 1447 895 1490 Utrum
922 1458 1030 1506 ergo
1056 1441 1113 1486 ita
1130 1475 1143 1498 ‚
1177 1440 1284 1487 nihil
1312 1453 1360 1487 ut
1391 1439 1553 1486 faciant

264 1532 420 1562 eorum
437 1533 548 1579 quae
567 1516 629 1561 ira
649 1518 781 1564 dictat
794 1552 807 1573 ‚
827 1533 881 1562 an
903 1527 950 1561 ut
969 1513 1160 1577 aliquid?
1184 1513 1226 1559 Si
1242 1514 1348 1559 nihil
1368 1512 1551 1567 faciunt,

265 1604 444 1651 apparet
463 1605 553 1635 non
572 1589 656 1635 effe
672 1590 725 1635 ad
739 1589 937 1635 affiones
954 1603 1103 1632 rerum
1122 1585 1396 1633 necessariam
1418 1584 1555 1630 iram:

267 1681 396 1726 quam
421 1681 528 1722 VOS,
560 1665 678 1727 quasi
697 1664 854 1711 fortius
871 1662 1033 1725 aliquid
1054 1660 1225 1707 ratione
1244 1661 1450 1717 haberet,
1476 1659 1554 1704 ad-

268 1736 508 1783 vocabatis.
537 1735 745 1799 Denique
775 1735 1032 1798 interrogo,
1077 1732 1297 1779 valentior
1329 1731 1390 1778 est
1426 1748 1555 1794 quam

269 1808 381 1854 ratio
397 1844 411 1865 ‚
430 1825 484 1854 an
504 1806 724 1854 infirmior
743 1807 760 1853 ?
782 1807 824 1853 Si
844 1799 1063 1855 ualentior
1084 1823 1094 1850 :
1117 1806 1353 1868 quomodo
1373 1804 1434 1850 illi
1453 1820 1556 1850 mo·-

271 1880 377 1927 dum
402 1882 515 1928 ratio
543 1880 707 1944 poterit
731 1879 962 1942 imponere
979 1915 991 1934 ‚
1025 1895 1125 1925 cum
1149 1893 1300 1939 parere
1321 1877 1397 1923 nifi
1418 1877 1557 1923 imbe-

272 1956 441 2004 cilliora
462 1972 553 2002 non
572 1955 736 2001 soleant
757 1954 774 1999 ?
797 1954 839 1999 Si
859 1952 1080 1999 infirmior
1097 1951 1157 1998 est
1178 1969 1188 1996 :
1208 1952 1295 1998 fine
1314 1952 1394 1997 hac
1420 1967 1496 2013 per
1515 1950 1557 1997 se
1607 1948 1609 1951 ’

273 2030 325 2076 ad
353 2046 500 2077 rerum
526 2028 704 2075 effeetus
729 2027 886 2074 sufficit
914 2027 1056 2084 ratio,
1088 2043 1169 2073 nec
1188 2024 1398 2072 desiderat
1416 2024 1561 2069 imbe-

274 2104 455 2153 cillioris
473 2103 695 2151 auxilium.
717 2105 775 2148 At
793 2102 890 2150 irati
911 2101 1091 2165 quidam
1112 2098 1310 2146 constant
1335 2097 1437 2156 fibi,
1458 2109 1502 2144 et
1519 2096 1561 2143 se

273 2180 519 2227 continent.
541 2179 825 2240 Quomodo?
844 2193 945 2224 cum
966 2176 1052 2221 iam
1073 2174 1137 2220 ira
1156 2173 1377 2222 evanescit
1392 2208 1407 2228 ,
1423 2184 1467 2218 et
1488 2170 1561 2217 sua

273 2256 430 2317 sponte
457 2254 631 2301 decedit
649 2289 662 2311 ‚
696 2269 787 2299 non
815 2268 916 2298 cum
942 2250 987 2296 in
1014 2248 1111 2311 ipso
1140 2247 1316 2294 fervore
1346 2245 1407 2292 est
1425 2263 1435 2290 :
1456 2256 1561 2292 tunc

277 2326 395 2373 enim
427 2326 656 2389 potentior
680 2324 757 2372 est.
787 2323 910 2384 Quid
943 2321 1086 2385 ergo?
1119 2335 1212 2365 non
1246 2319 1483 2381 aliquando
1515 2317 1560 2363 in

276 2400 339 2446 ita
365 2416 545 2462 quoque
569 2414 614 2446 et
634 2399 857 2445 dimittunt
884 2395 1127 2443 incolumes
1158 2392 1426 2454 intactosque
1448 2405 1561 2453 quos

279 2473 494 2531 oderunt,
524 2484 567 2519 et
594 2488 617 2517 a
638 2471 845 2518 nocendo
871 2468 1117 2516 abstinent?
1144 2465 1325 2512 faciunt.
1350 2466 1560 2524 Quomo-
