1741 2919
313 157 365 186 10
566 143 615 188 L.
664 142 953 188 ANNAEI
1000 143 1352 191 SENECAE

303 245 492 310 spondet
507 279 528 303 ,γ
549 247 772 296 interdicit
791 248 925 309 cibis,
950 261 995 297 et
1017 249 1272 299 abstinentia
1292 235 1459 315 corpus
1476 267 1585 300 exo·-

301 335 438 368 nerat.
452 321 481 367 si
496 323 650 370 frustra
669 321 873 370 molliora
888 324 1125 383 cefferunt;
1138 326 1237 374 ferit
1249 344 1427 387 venam,
1445 345 1587 375 mem-

302 395 504 458 brisque,
534 395 564 442 fi
593 397 867 444 adhaerentia
889 412 1081 456 nocent,
1107 416 1151 448 et
1179 402 1384 448 morbum
1417 401 1585 449 diffun-

302 467 410 513 dunt
427 499 441 522 ‚
464 485 617 516 manus
637 468 764 516 affert
789 486 802 514 τ
832 486 911 517 nec
932 471 1016 517 ulla
1039 473 1148 520 dura
1179 473 1353 521 videtur
1382 473 1551 521 curatio
1568 504 1586 530 ,

299 542 422 588 cuius
449 542 636 590 salutaris
664 543 843 591 effestus
862 545 936 593 est.
964 549 1023 593 Ita
1049 546 1196 611 legum
1218 548 1457 611 praesidem
1474 584 1490 605 ‚
1523 548 1586 595 ci-

291 614 535 679 ,vitatisque
554 618 771 665 rectorem
792 618 939 676 decet,
956 621 1168 683 quamdiu
1189 621 1332 681 potest
1350 621 1498 668 verbis
1511 657 1524 678 ‚
1544 630 1588 666 et

299 688 366 736 his
385 689 662 736 mollioribus
676 725 689 748 ‚
709 689 883 754 ingenia
904 708 1053 738 curare
1066 727 1079 750 ‚
1098 706 1147 740 ut
1167 692 1364 740 facienda
1382 692 1559 740 suadeat
1572 726 1588 748 ,

299 762 671 827 cupiditatemque
691 763 860 810 honesti
881 780 924 812 et
944 765 1073 829 aequi
1093 766 1300 814 conciliet
1317 766 1473 814 animis
1486 802 1500 824 ‚
1517 765 1585 813 fa-

297 835 471 899 ciatque
502 836 716 883 vitiorum
749 837 905 885 odium
928 875 940 896 ‚
977 839 1168 901 pretium
1197 840 1442 888 virtutum:
1461 856 1588 924 fran-

295 909 382 958 seat
400 910 558 959 deinde
576 912 629 958 ad
648 910 887 958 tristiorem
906 913 1156 961 orationem
1172 949 1186 972 ‚
1205 930 1290 977 qua
1309 928 1488 960 moneat
1505 912 1586 959 ad-

294 985 383 1033 huc
403 1000 446 1032 et
464 986 703 1049 exprobret
720 985 988 1049 :noviffime
1007 988 1062 1034 ad
1084 1004 1270 1046 poenas,
1286 1000 1330 1036 et
1348 987 1424 1034 has
1442 985 1585 1033 adhuc

294 1057 417 1105 leves
439 1070 481 1105 et
500 1059 778 1106 revocabiles
798 1059 998 1106 decurrat
1020 1078 1030 1106 ε
1053 1060 1204 1106 ultima
1224 1058 1434 1122 supplicia
1452 1057 1585 1106 scele-

293 1129 414 1178 ribus
432 1131 596 1179 ultimis
617 1143 778 1195 ponat‚
799 1143 848 1178 ut
873 1148 1009 1179 nemo
1040 1143 1218 1196 pereat,
1242 1131 1321 1178 nifi
1349 1147 1481 1195 quem
1501 1148 1584 1196 pe-

293 1205 380 1252 rire
399 1205 528 1252 etiam
550 1205 773 1269 pereuntis
793 1205 970 1253 interfit.

361 1280 437 1325 VI.
458 1278 562 1326 Hoc
579 1294 671 1325 uno
694 1279 969 1327 medentibus
989 1279 1074 1326 erit
1093 1278 1330 1337 diffimilis,
1352 1277 1476 1341 quod
1495 1277 1589 1335 illi,

292 1349 451 1414 quibus
478 1351 616 1398 vitam
638 1368 728 1398 non
757 1365 997 1415 potuerunt
1019 1351 1194 1416 largiri,
1217 1351 1390 1399 facilem
1416 1351 1586 1398 exitum

291 1422 509 1487 praestant
530 1443 540 1470 2
561 1425 638 1471 hic
663 1425 916 1473 damnatum
954 1443 1056 1472 cum
1083 1426 1302 1472 dedecore
1327 1436 1371 1471 et
1399 1425 1582 1471 traduc·

292 1497 416 1543 tione
442 1497 534 1545 vita
565 1497 700 1561 exigit
731 1516 743 1545 :
773 1515 863 1545 non
889 1500 993 1563 quia
1020 1499 1259 1546 delecletur
1282 1497 1410 1544 ullius
1436 1514 1583 1560 poena

290 1568 314 1629 (
331 1571 492 1632 procul
523 1572 585 1618 est
612 1569 732 1618 enim
764 1590 788 1618 a
816 1572 1006 1635 sapiente
1025 1588 1113 1619 tam
1139 1571 1372 1618 inhumana
1393 1569 1582 1634 feritas)

291 1643 367 1689 sed
392 1657 440 1689 ut
462 1645 779 1691 documentum
798 1645 1000 1691 omnium
1020 1645 1127 1699 fint;
1152 1656 1196 1690 et
1214 1643 1289 1706 qui
1308 1642 1405 1690 vivi
1424 1642 1583 1690 nolue-

291 1730 393 1764 runt
409 1720 615 1782 prod-effe
630 1757 643 1779 ‚
670 1733 817 1768 morte
842 1736 960 1769 certe
981 1738 1139 1768 eorum
1165 1719 1407 1783 respublica
1425 1731 1584 1766 utatur.

291 1791 399 1837 Non
423 1790 490 1850 est
521 1808 633 1855 ergo
661 1807 811 1840 natura
841 1795 1034 1842 hominis
1063 1810 1235 1856 poenae
1264 1809 1473 1856 appetens
1499 1810 1511 1838 τ
1540 1806 1584 1840 et

292 1863 398 1911 ideo
433 1883 516 1913 nec
547 1866 613 1914 ira
643 1868 825 1931 quidem
858 1869 1095 1916 secundum
1128 1880 1324 1915 naturam
1355 1864 1548 1912 hominis
1565 1900 1584 1923 ,

292 1939 395 2001 quia
429 1956 598 2002 poenae
628 1953 836 2003 appetens
867 1940 941 1988 est.
969 1944 1022 1988 Et
1052 1941 1244 1987 Platonis
1274 1949 1581 2003 argumentum

292 2009 470 2058 effemm
486 2012 618 2075 :quid
638 2015 754 2060 enim
777 2014 983 2076 prohibet
1002 2014 1151 2060 alienis
1170 2012 1232 2059 uti
1245 2047 1258 2070 ‚
1277 2029 1331 2058 ex
1351 2024 1474 2073 parte
1493 2025 1580 2072 qua

288 2083 441 2130 nostra
460 2084 588 2130 sunt?
622 2083 704 2130 Vir
735 2085 878 2132 bonus
897 2121 911 2145 ‚
936 2085 1105 2150 inquit,
1135 2101 1227 2131 non
1259 2082 1404 2130 laedit.
1436 2097 1581 2145 poena

294 2157 438 2205 laedit.
463 2159 587 2206 bono
607 2175 715 2222 ergo
745 2176 890 2220 poena
914 2176 1005 2206 non
1036 2158 1275 2208 convenit:
1295 2158 1355 2204 ob
1383 2157 1471 2204 hoc
1497 2172 1581 2203 nec

295 2230 357 2276 ira
376 2231 505 2295 :quia
521 2247 665 2295 poena
678 2231 765 2278 irae
786 2231 1012 2280 convenit.
1025 2232 1068 2278 Si
1086 2231 1154 2280 vir
1173 2231 1317 2276 bonus
1332 2244 1475 2291 poena
1487 2245 1582 2275 non

295 2305 484 2367 gaudet;
518 2322 608 2352 non
634 2305 837 2369 gaudebit
872 2323 952 2353 nec
982 2322 1039 2353 eo
1071 2305 1249 2368 quidem
1277 2302 1435 2349 affectu
1454 2337 1469 2361 ‚
1508 2301 1583 2350 cui

295 2393 442 2440 poena
462 2377 678 2440 voluptati
701 2378 761 2425 est
780 2396 790 2424 :
811 2396 919 2442 ergo
944 2372 1034 2425 non
1060 2377 1121 2425 est
1147 2375 1347 2423 naturalis
1374 2375 1451 2423 ira.

360 2450 458 2496 VlI.
480 2450 737 2514 Numquid,
753 2450 959 2514 quamvis
971 2466 1063 2498 non
1077 2449 1127 2496 fit
1147 2447 1346 2497 naturalis
1364 2448 1451 2508 ira,
1469 2445 1578 2494 aisne
