1741 2919
462 164 564 212 DE
615 165 752 210 IRA
803 165 1092 211 Llss.111.
1370 162 1424 210 81

138 270 303 336 aliquid
321 271 412 336 regi
431 272 509 319 suo
530 272 841 336 Persarumque
863 271 1067 329 suaserit,
1100 286 1194 335 quo
1211 269 1430 330 offensus,

140 346 303 393 liberos
331 346 394 392 illi
423 346 663 410 epulandos
691 345 894 410 apposuit
911 381 924 405 ‚
949 358 993 392 et
1016 345 1198 392 subinde
1223 344 1437 410 quaesiit,

140 439 196 469 an
218 422 406 484 placeret
424 420 670 467 conditura.
716 419 896 466 Deinde
923 430 970 465 ut
992 419 1088 466 satis
1106 419 1225 466 illum
1255 421 1436 483 plenum

143 497 271 543 malis
291 496 373 542 suis
391 495 529 553 vidit,
559 493 704 541 afferri
722 494 864 557 capita
883 493 1061 540 illorum
1080 493 1215 552 instit,
1239 507 1304 554 et,
1323 513 1439 559 quo-

144 571 288 617 modo
316 569 421 617 effet
446 580 650 631 acceptus
674 603 688 626 ‚
717 566 1022 631 interrogavit.
1060 568 1167 614 Non
1204 568 1442 617 defuerunt

147 644 309 692 misero
332 644 468 692 verba
484 679 498 702 ‚
525 659 616 689 non
642 659 693 690 os
724 642 947 691 concurrit
969 659 980 688 :
1002 643 1136 705 Apud
1164 659 1312 707 regem
1331 675 1344 700 ,
1374 643 1444 690 in-

148 719 246 784 quit
261 755 274 777 ‚
299 717 446 764 omnis
467 734 608 765 coena
633 717 826 764 iucunda
846 715 918 764 est.
946 716 1070 777 Quid
1088 717 1168 764 hac
1192 717 1444 766 adulatione

148 791 373 858 profecit?
404 806 458 837 ne
479 791 535 837 ad
564 789 768 855 reliquias
794 791 1069 839 invitaretur.
1099 793 1207 839 Non
1227 810 1338 841 vero
1368 812 1445 857 pa-

150 880 264 916 trem
291 867 498 913 damnare
523 866 638 929 regis
668 865 730 912 sui
758 866 916 913 facium
934 901 947 925 ‚
979 882 1073 913 non
1098 883 1210 914 vero
1237 882 1447 931 quaerere

151 940 330 1003 dignam
355 950 443 985 tam
465 938 580 985 truci
601 948 813 1000 portento
834 954 1025 1001 poenam
1047 955 1057 984 :
1076 938 1148 985 sed
1165 940 1252 986 hoc
1271 939 1447 985 interim

153 1013 344 1078 colligo,
375 1011 496 1076 poffe
518 1011 650 1058 etiam
681 1027 737 1058 ex
766 1012 1019 1074 ingentibus
1046 1011 1171 1059 malis
1199 1011 1449 1059 nascentem

79 1087 82 1090 ’
152 1088 263 1135 iram
295 1086 532 1144 abscondi,
563 1100 607 1132 et
635 1086 689 1133 ad
712 1086 849 1133 verba
870 1085 1088 1133 contraria
1107 1085 1185 1132 fibi
1204 1086 1321 1150 cogi.
1355 1088 1451 1134 Ne-

154 1159 332 1208 ceffaria
359 1158 420 1206 est
445 1159 522 1205 ista
550 1158 724 1206 doloris
751 1157 1041 1216 refraenatio‚
1068 1159 1220 1224 utique
1250 1160 1339 1207 hoc
1359 1158 1453 1207 sor-

157 1233 247 1281 titis
273 1231 389 1281 vitae
410 1249 567 1296 genus,
591 1243 634 1278 et
658 1232 712 1277 ad
740 1231 906 1295 regiam
926 1232 1129 1279 adhibitis
1154 1232 1361 1281 mensam.
1382 1234 1454 1283 Sic

157 1309 303 1356 editur
326 1308 443 1371 apud
464 1307 561 1354 illos
575 1342 589 1366 ,
615 1307 672 1353 fic
699 1306 890 1362 bibitur,
911 1306 968 1353 fic
987 1306 1306 1369 respondetur:
1327 1307 1456 1355 fune-

158 1383 279 1430 ribus
308 1382 392 1429 suis
421 1381 699 1427 arridendum
727 1379 802 1446 est.
825 1381 897 1425 An
919 1381 1028 1427 tanti
1056 1381 1107 1427 s1t
1136 1381 1226 1428 vita
1245 1413 1258 1437 ,
1283 1383 1458 1430 videbi-

159 1473 285 1505 mus:
308 1456 390 1502 alia
409 1454 484 1502 ista
501 1454 697 1519 quaestio
715 1453 788 1500 est.
804 1455 910 1500 Non
929 1454 1259 1502 consolabimur
1272 1467 1361 1503 tam
1378 1458 1458 1504 tri·-

160 1529 224 1577 ste
243 1527 503 1593 ergastulum
523 1564 536 1586 ‚
556 1545 649 1575 non
670 1526 1006 1574 adhortabimur
1024 1526 1137 1574 ferre
1157 1528 1343 1591 imperia
1364 1546 1458 1576 car-

160 1602 345 1651 nificum
363 1636 376 1657 ,
401 1600 684 1648 ostendemus
716 1599 761 1646 in
787 1599 913 1646 omni
942 1600 1152 1648 servitute
1180 1614 1374 1664 apertam
1406 1602 1460 1648 li-

161 1674 319 1724 bertati
337 1673 471 1721 viam.
491 1673 533 1719 Si
554 1689 681 1737 aeger
698 1671 872 1718 animus
888 1706 902 1728 ‚
922 1687 965 1718 et
982 1670 1062 1717 suo
1087 1670 1202 1719 vitio
1221 1672 1353 1721 miser
1374 1673 1460 1734 est,

163 1749 268 1797 huic
284 1746 477 1794 miserias
498 1745 625 1792 finire
657 1745 802 1793 secum
831 1745 946 1793 licet.
978 1744 1146 1791 Dicam
1167 1758 1210 1792 et
1231 1746 1292 1793 illi
1317 1748 1393 1806 qui
1413 1749 1461 1797 in

162 1836 314 1886 regem
337 1818 519 1878 incidit,
547 1817 710 1882 sagittis
728 1818 912 1881 pe&ora
941 1817 1187 1864 amicorum
1207 1807 1427 1880 petentem
1446 1854 1462 1879 ,

163 1909 211 1943 et
235 1893 295 1942 illi
313 1892 437 1940 cuius
459 1892 668 1939 dominus
689 1892 937 1939 liberorum
967 1890 1206 1940 visceribus
1228 1903 1371 1955 patres
1399 1895 1463 1941 sa·

165 1978 283 2016 tutat
302 1983 313 2012 :
331 1965 456 2026 Quid
474 1966 630 2030 gemis,
649 1965 854 2023 demens,
877 1964 983 2028 quid
999 1963 1217 2027 exspeEtas
1233 1998 1248 2020 ,
1267 1981 1316 2014 ut
1334 1978 1376 2014 te
1391 1980 1465 2016 aut

165 2038 306 2088 hostis
336 2038 490 2102 aliquis
519 2055 598 2101 per
622 2037 807 2085 exitium
843 2037 985 2100 gentis
1007 2048 1107 2084 tuae
1135 2039 1360 2099 vindicet,
1389 2055 1464 2089 aut

166 2127 247 2159 rex
264 2127 289 2157 a
304 2109 552 2173 longinquo
583 2121 742 2173 potens
768 2109 980 2157 advolet?
1016 2110 1303 2175 Quocunque
1321 2113 1466 2176 respe-

168 2184 286 2234 xeris
300 2219 314 2244 ‚
344 2184 406 2231 ibi
426 2183 647 2231 malorum
672 2182 771 2230 finis
788 2182 862 2231 est.
882 2183 1019 2229 Vides
1036 2183 1161 2229 illum
1177 2184 1466 2248 praecipitem

170 2258 356 2307 locum?
387 2258 476 2306 illic
504 2260 558 2305 ad
590 2259 834 2306 libertatem
868 2257 1159 2305 descenditur.
1195 2258 1332 2305 Vides
1357 2260 1467 2308 illud

174 2350 322 2390 mare,
345 2334 454 2381 illud
485 2333 650 2381 flumen
669 2370 684 2392 ‚
709 2333 832 2380 illum
860 2332 1080 2396 puteum?
1109 2332 1284 2381 libertas
1312 2334 1401 2381 illic
1421 2335 1468 2383 in

175 2408 274 2455 imo
308 2407 437 2453 sedet.
463 2408 602 2455 Vides
628 2406 744 2452 illam
772 2406 977 2453 arborem
998 2440 1011 2463 ,
1045 2406 1258 2466 brevem,
1288 2408 1469 2456 retorri-

179 2481 306 2539 dam,
324 2479 579 2527 infelicem?
600 2480 763 2542 pendet
784 2479 886 2530 inde
903 2480 1092 2531 libertas.
1111 2481 1250 2531 Vides
1267 2481 1471 2548 iugulum

204 2596 215 2598 ἡ
244 2548 293 2593 L.
313 2549 435 2595 Arm.
457 2548 627 2597 Seneca.
659 2548 751 2595 Vol.
770 2547 810 2597 J.
880 2610 884 2614 .
1172 2548 1209 2602 Ε
