1741 2919
1070 8 1080 29 Ι

275 160 366 210 150
535 146 584 193 L.
629 145 937 192 ANNAEI
981 146 1341 196 SENECAE

268 253 568 318 longiffimurn
588 252 650 299 illi
670 270 829 302 aevum
850 254 1013 319 ingenii
1036 255 1150 303 fama
1173 257 1387 320 promifit.
1407 259 1455 307 Id
1475 260 1566 326 egit

266 327 386 390 ipse,
407 339 453 373 ut
475 327 661 374 meliore
678 327 741 374 sui
764 341 888 392 parte
907 330 1105 388 duraret,
1129 343 1171 377 et
1189 334 1446 394 compositis
1463 336 1563 381 elo-

267 399 475 462 quentiae
499 398 731 463 praeclaris
751 401 960 464 operibus
978 439 990 458 ‚
1021 419 1043 448 a
1062 403 1329 451 mortalitate
1350 404 1389 451 se
1412 407 1563 453 vindi-

267 485 399 520 caret.
422 473 653 534 Quamdiu
679 474 810 522 fuerit
841 474 954 523 ullus
982 475 1118 524 literis
1142 477 1290 524 honor
1307 513 1320 534 ‚
1351 479 1565 542 quamdiu

266 545 432 592 steterit
460 559 536 593 aut
569 546 747 594 Latinae
781 547 957 613 linguae
991 549 1187 612 potentia
1208 587 1222 609 ‚
1259 565 1333 598 aut
1365 553 1588 602 Graecae'

265 619 401 683 gratia
418 652 432 675 ‚
452 619 623 684 vigebit
644 636 744 667 cum
767 621 971 669 maximis
990 623 1095 671 vitis
1121 641 1130 670 :
1154 639 1346 686 quorum
1368 625 1409 672 se
1437 625 1563 689 inge-

266 692 349 741 niis
377 695 448 744 vel
470 694 682 754 contulit,
713 695 818 755 vel,
845 695 876 742 fi
906 696 996 746 hoc
1023 698 1294 746 verecundia
1321 699 1412 747 eius
1431 717 1564 748 recu-

263 764 324 816 sat
338 798 352 821 ,
374 766 598 828 applicuit.
1250 767 1253 770 ’

333 839 482 886 XXII.
514 839 619 885 Hoc
640 856 749 905 ergo
775 858 913 888 unum
936 840 1223 907 excogitasti,
1250 845 1483 908 quomodo
1503 845 1565 894 illi

264 913 459 961 maxime
480 914 624 977 poffes
646 931 819 963 nocere.
835 918 942 977 Quo
965 917 1125 964 melior
1138 918 1256 966 enim
1272 918 1331 965 est
1352 920 1563 983 quisque,

264 990 355 1040 hoc
377 988 545 1052 saepius
567 988 683 1037 ferre
711 1003 754 1038 te
776 991 1008 1038 consuevit
1023 1027 1035 1049 ‚
1066 990 1153 1038 fine
1174 992 1268 1038 ullo
1293 993 1462 1040 delectu
1490 993 1563 1041 fu·-

264 1077 436 1114 rentem
450 1099 464 1124 ,
484 1076 527 1112 et
544 1065 658 1112 inter
676 1066 769 1130 ipsa
791 1066 1007 1114 beneficia
1029 1069 1323 1115 metuendam.
1355 1070 1564 1127 Quantu-

264 1141 355 1189 lum
374 1151 496 1196 erat,
515 1140 599 1188 tibi
616 1140 860 1201 immunem
879 1140 932 1186 ab
953 1141 1034 1190 hac
1058 1141 1215 1189 iniuria
1233 1144 1447 1205 praestare
1461 1161 1563 1192 eum

264 1215 496 1263 hominem
510 1251 524 1274 ‚
545 1215 589 1262 in
608 1230 743 1277 quem
759 1213 994 1261 videbatur
1012 1213 1282 1279 indulgentia
1299 1230 1374 1263 tua
1392 1219 1564 1266 ratione

264 1302 383 1337 certa
419 1289 700 1354 pervenisse,
729 1300 772 1337 et
790 1306 884 1336 non
913 1305 969 1336 ex
993 1304 1072 1336 tuo
1103 1304 1230 1336 more
1261 1304 1425 1337 temere
1453 1289 1565 1337 inci-

262 1364 397 1413 diffe?
419 1365 691 1414 Adiiciamus
704 1400 718 1423 ,
738 1365 769 1410 fi
787 1364 883 1420 vis,
902 1364 956 1410 ad
973 1364 1048 1410 has
1069 1363 1289 1428 querelas,
1303 1362 1433 1426 ipsius
1455 1366 1563 1413 ado-

262 1438 461 1488 lescentis
486 1438 775 1503 interceptam
814 1439 929 1486 inter
958 1439 1098 1501 prima
1131 1439 1398 1486 incrementa
1429 1440 1563 1488 indo-

262 1513 366 1561 lem.
387 1514 563 1577 Dignus
591 1513 677 1561 fuit
700 1514 771 1561 ille
791 1525 832 1561 te
855 1513 987 1560 fratre
1009 1532 1019 1560 ε
1046 1526 1094 1560 tu
1115 1525 1230 1560 certe
1250 1530 1345 1561 eras
1368 1512 1563 1578 digniffi-

263 1604 362 1634 mus
378 1623 391 1645 ,
411 1588 487 1651 qui
517 1605 596 1636 nec
616 1606 672 1636 ex
695 1588 880 1652 indigno
908 1587 1087 1651 quidem
1117 1586 1358 1651 quidquam
1389 1589 1563 1638 doleres

261 1660 406 1710 fratre.
427 1662 645 1711 Redditur
658 1663 718 1710 illi
733 1662 1036 1710 testimonium
1055 1662 1236 1725 aequale
1253 1664 1457 1711 omnium
1477 1664 1562 1713 ho·

263 1736 450 1783 minum.
477 1736 744 1784 defideratur
769 1738 815 1784 in
847 1749 973 1785 tuum
1007 1738 1226 1784 honorem
1244 1773 1259 1795 ,
1288 1737 1486 1784 laudatur
1515 1739 1561 1787 in

260 1808 390 1859 *fuum
411 1829 422 1858 :·
442 1809 550 1858 nihil
571 1811 617 1858 in
646 1811 723 1859 illo
742 1810 828 1859 fuit
844 1848 858 1870 ‚
882 1812 1005 1876 quod
1035 1828 1126 1858 non
1146 1812 1333 1858 libenter
1352 1814 1562 1874 agnosce-

262 1901 344 1932 res·
375 1886 448 1932 Tu
476 1885 660 1949 quidem
685 1884 815 1931 etiam
842 1885 987 1932 minus
1006 1884 1132 1932 bono
1155 1884 1281 1931 fratri
1302 1883 1450 1931 fuiffes
1474 1885 1560 1934 bo-

263 1978 344 2008 nus
366 1978 377 2006 ε
398 1961 472 2008 sed
498 1960 543 2007 in
564 1961 639 2008 illo
660 1961 796 2025 pietas
816 1974 888 2008 tua
909 1961 1117 2008 idoneam
1145 1960 1267 2006 nacla
1294 1959 1521 2007 materiam
1545 1991 1562 2016 ,

262 2035 406 2082 multo
431 2034 474 2081 se
494 2034 670 2082 liberius
690 2036 905 2083 exercuit.
939 2036 1090 2082 Nemo
1113 2034 1357 2098 potentiam
1377 2032 1468 2082 eius
1484 2033 1557 2081 in-

260 2108 370 2156 iuria
390 2108 515 2155 sensit
530 2144 544 2165 ‚
572 2125 795 2173 nunquam
817 2108 888 2156 ille
909 2121 950 2157 te
970 2109 1148 2156 fratrem
1168 2108 1245 2155 ulli
1264 2108 1453 2155 minatus
1480 2107 1556 2157 est³

261 2184 332 2231 Ad
352 2183 604 2245 exemplum
624 2183 667 2230 se
687 2183 924 2231 modestiae
945 2200 1043 2231 tuae
1068 2184 1337 2232 formaverat
1351 2219 1364 2241 ,
1387 2184 1556 2248 cogita-

258 2257 421 2321 batque
458 2270 669 2322 quantum
707 2271 754 2305 tu
789 2270 832 2304 et
862 2270 1173 2304 ornamentum
1203 2269 1385 2304 tuorum
1419 2255 1554 2316 effes,

260 2348 306 2379 et
336 2350 461 2396 onus.
497 2333 677 2382 Suffecit
710 2334 783 2382 ille
815 2334 919 2382 huic
958 2332 1160 2383 sarcinae.
1192 2333 1238 2379 O
1274 2332 1381 2378 dura
1427 2330 1514 2377 fata
1538 2364 1554 2388 ‚

261 2418 306 2453 et
345 2407 475 2453 nullis
519 2424 660 2470 aequa
697 2407 936 2457 virtutibus
967 2406 977 2454 Ξ
1016 2423 1247 2475 antequam
1298 2406 1552 2455 felicitatem

261 2479 380 2529 suam
408 2480 552 2529 noffet
578 2481 710 2530 frater
741 2495 867 2540 tuus,
897 2494 1096 2529 exemtus
1123 2481 1199 2530 est.
1230 2483 1387 2529 Parum
1408 2491 1550 2528 autem
