1741 2919
228 375 246 386 Δ

320 186 413 217 222
567 170 618 217 L.
671 166 972 215 ANNAEI
1019 169 1376 219 SENECAE

318 280 424 326 Deo
455 276 632 340 liqueat.
661 277 830 325 bonum.
863 276 1011 326 virum
1037 277 1081 324 in
1111 279 1278 326 deliciis
1309 297 1399 327 non
1430 279 1560 328 habet
1586 297 1600 329 ε

318 351 565 415 experitur,
590 352 767 399 indurat
781 389 794 410 ‚
815 351 899 398 fibi·
913 353 1033 398 illum
1054 361 1296 417 praeparat.

384 428 436 472 Π.
468 427 616 487 Quare
636 427 771 472 multa
787 427 916 474 bonis
935 428 1041 474 viris
1063 427 1242 474 adversa
1261 427 1498 475 eveniunt?
1518 431 1560 475 N
1564 427 1600 476 i·-

315 501 377 547 hil
404 501 606 548 accidere
636 499 761 546 bono
786 501 890 546 viro
916 501 1017 546 mali
1041 500 1198 563 potest.
1229 502 1336 548 Non
1362 501 1601 550 miscentur

316 574 548 622 contraria.
569 575 961 634 Quemadmodum
982 587 1049 620 tot
1069 591 1240 633 amnes,
1261 587 1426 622 tantum
1456 577 1601 638 super·

316 665 371 694 ne
390 647 661 694 deieEiorum
685 647 909 704 imbrium,
930 661 1048 693 tanta
1070 648 1390 694 medicatorum
1412 650 1479 696 vis
1498 649 1600 695 fon·

315 722 445 779 tium,
466 737 556 766 non
577 732 748 766 mutant
769 721 966 783 saporem
987 720 1141 778 maris,
1159 737 1239 767 nec
1256 721 1483 767 remittunt
1502 721 1598 784 qui-

314 796 417 842 dem
441 813 451 840 :
473 794 530 840 ita
549 793 827 840 adversarum
853 794 1040 857 impetus
1065 810 1211 839 rerum
1237 794 1324 841 viri
1353 793 1484 842 fortis
1507 810 1599 840 nou

315 868 449 914 vertit
472 867 681 914 animum.
709 870 860 914 Manet
879 868 926 913 in
955 865 1088 924 statu,
1115 877 1159 912 et
1184 865 1398 930 quidquid
1425 866 1602 923 evenit,

317 941 362 988 in
385 941 504 988 suum
532 940 731 987 colorem
754 940 899 987 trahit.
940 939 1010 988 Est
1039 939 1155 985 enim
1179 939 1387 986 omnibus
1415 939 1601 985 externis

316 1016 571 1080 potentior:
591 1032 669 1062 nec
696 1016 784 1061 hoc
806 1015 936 1070 dico,
959 1030 1048 1060 non
1070 1013 1197 1060 sentit
1213 1013 1282 1059 illa
1301 1030 1310 1059 :
1331 1013 1403 1059 sed
1423 1012 1566 1059 vincit
1581 1043 1596 1066 ‚

313 1102 356 1136 et
384 1087 580 1151 alioquin
609 1087 784 1150 quietus
805 1086 1115 1150 placidusque,
1147 1098 1299 1132 contra
1329 1085 1596 1132 incurrentia

317 1163 543 1209 attollitur.
565 1160 730 1207 Omnia
748 1160 948 1217 adversa,
967 1160 1305 1208 exercitationes
1324 1173 1463 1223 putat.
1488 1159 1603 1220 Quis

319 1250 463 1283 autem
486 1273 500 1295 ‚
534 1235 605 1283 vir
636 1235 803 1292 modo,
833 1246 876 1280 et
908 1235 1073 1281 erefflus
1102 1235 1154 1280 ed
1185 1234 1392 1294 honesta,
1418 1251 1510 1281 non
1540 1234 1603 1280 est

316 1310 481 1356 laboris
523 1319 729 1370 appetens
759 1306 857 1353 iusti
884 1343 898 1365 ,
928 1318 972 1353 et
1003 1307 1057 1353 ad
1085 1307 1230 1353 officia
1266 1324 1366 1354 cum
1405 1307 1601 1370 periculo

315 1381 555 1447 promtus?
596 1381 665 1427 cui
701 1397 793 1427 non
830 1379 1098 1427 industrioso
1140 1381 1284 1437 otium
1320 1396 1465 1441 poena
1498 1379 1597 1426 est?

317 1456 509 1502 Athletas
529 1455 763 1512 videmus,
783 1454 943 1517 quibus
971 1452 1129 1499 virium
1152 1469 1254 1499 cura
1283 1453 1359 1511 est,
1380 1469 1479 1499 cum
1505 1453 1600 1498 for·-

313 1528 482 1575 tiffimis
503 1527 749 1591 quibusque
775 1526 1044 1589 confligere,
1067 1538 1108 1572 et
1137 1526 1309 1589 exigere
1331 1526 1385 1572 ab
1412 1525 1504 1581 his,
1523 1539 1601 1587 pet

316 1619 430 1666 quos
460 1601 689 1648 certamini
722 1612 1058 1663 praeparantur,
1089 1611 1136 1644 ut
1164 1599 1269 1646 totis
1302 1610 1455 1647 contra
1482 1597 1601 1660 i'psos

313 1674 483 1722 viribus
510 1686 697 1720 utantur.
728 1672 851 1719 caedi
874 1672 915 1719 se
942 1670 1182 1733 vexarique
1212 1670 1466 1732 patiuntur:
1491 1681 1533 1714 et
1565 1668 1596 1714 fi

315 1765 405 1795 non
437 1747 669 1794 inveniunt
700 1746 888 1809 singulos
920 1762 1072 1808 pares,
1103 1745 1300 1808 pluribus
1326 1744 1451 1792 simul
1482 1744 1601 1791 obii·

314 1821 505 1868 ciuntur.
533 1823 702 1866 Marcet
728 1818 815 1864 fine
838 1818 1093 1864 adversario
1114 1817 1265 1865 virtus.
1289 1831 1395 1865 tunc
1423 1830 1602 1882 apparet

304 1907 475 1957 *quanta
510 1892 589 1947 fit,
617 1903 830 1955 quantum
862 1891 1031 1947 valeat,
1067 1903 1371 1954 quantumque
1404 1891 1602 1953 polleat,

314 1982 426 2013 cum
440 1967 543 2030 quid
563 1966 695 2028 poffit
709 2001 721 2019 ‚
740 1965 945 2027 patientia
964 1964 1167 2011 ostendit.
1198 1964 1313 2010 Scias
1330 1964 1452 2019 licet,
1476 1965 1596 2010 idem

314 2040 421 2087 viris
439 2040 566 2086 bonis
587 2039 670 2086 effe
688 2039 935 2086 faciendum
953 2075 966 2097 ‚
989 2052 1036 2085 ut
1061 2040 1167 2085 dura
1198 2055 1248 2085 ac
1282 2039 1474 2085 difficilia
1502 2055 1596 2084 non

314 2112 604 2161 reformident
619 2148 633 2171 ‚
651 2129 732 2159 nec
760 2113 813 2159 de
838 2112 934 2159 fato
954 2127 1208 2177 querantur.
1232 2113 1449 2176 quidquid
1477 2114 1596 2160 acei-

314 2188 404 2243 dit,
424 2187 531 2233 boni
554 2186 810 2244 consulant,
837 2186 883 2231 in
918 2187 1087 2233 bonum
1115 2198 1302 2232 vertant.
1333 2188 1440 2233 Non
1464 2187 1569 2250 quid
1586 2219 1600 2242 ‚

316 2262 389 2309 sed
409 2260 788 2324 quemadmodum
821 2259 932 2307 feras:
948 2295 962 2317 ‚
981 2259 1168 2306 interest.
1191 2261 1296 2305 Non
1315 2260 1439 2306 vides
1459 2276 1599 2323 quan·-

317 2346 368 2380 το
397 2334 519 2379 aliter
538 2344 680 2395 patres
696 2368 707 2389 ‚
735 2331 859 2378 aliter
884 2345 1044 2377 matres
1077 2331 1368 2393 indulgeant?
1391 2332 1450 2378 illi
1477 2332 1599 2379 excin-

317 2406 397 2452 tari
418 2406 569 2452 iubent
589 2405 751 2450 liberos
766 2440 780 2462 ,
807 2406 860 2451 ad
880 2404 1014 2451 studia
1034 2405 1235 2451 obeunda
1250 2419 1444 2462 mature,
1464 2402 1597 2450 feria-

300 2477 373 2543 ·tis
398 2493 580 2542 quoque
600 2474 756 2525 diebus
776 2493 866 2524 non
886 2477 1110 2541 patiuntur
1131 2477 1215 2525 esse
1235 2477 1402 2525 otiosos
1416 2512 1430 2535 ‚
1459 2490 1502 2523 et
1524 2477 1596 2524 su-
