1741 2919
310 136 339 181 6
573 135 622 179 Ι.
669 135 1376 183 ANNAEISENECAF

310 241 485 304 gulum;
517 240 688 287 alium
676 258 723 287 1n
745 257 897 288 cruces
923 243 1119 289 membra
1147 244 1361 292 dividere.
1388 247 1441 291 Et
1460 246 1601 294 adhuc

310 313 576 376 sngulorum
599 312 813 396 supplicia
835 331 981 362 narro.
1009 315 1143 378 quid?
1164 315 1243 362 tibi
1265 316 1294 362 fi
1316 300 1515 373 libuerit,
1533 334 1603 364 re-

310 385 448 432 liciis
437 403 482 432 m
503 403 613 449 quos
644 387 706 434 ira
732 387 896 434 viritim
925 389 1107 445 exarsit,
1132 391 1322 453 aspicere
1347 392 1486 438 caesas
1515 392 1604 454 gla-

310 458 387 504 dio
416 460 683 518 conciones,
722 473 765 507 et
785 462 961 522 plebem
990 461 1182 509 immisso
1213 463 1351 510 milite
1381 464 1602 510 contruci-

311 530 484 588 datam,
510 545 552 578 ct
584 532 628 578 in
658 533 895 595 perniciem
932 534 1225 595 promiscuam
1258 547 1378 583 totos
1412 537 1603 600 populos

311 605 465 667 capitis
485 605 643 652 damna
669 606 815 669 paffos
849 608 873 631 *
891 608 917 631 ⁴*
936 608 959 631 ⁴*

685 683 709 705 ³*
735 683 756 705 ³*
780 684 803 706 ⁴*
823 695 1031 746 tanquam
1051 697 1124 731 aut
1143 700 1290 731 curam
1310 683 1501 730 nostram
1522 683 1603 730 (le-

310 751 572 810 serentibus,
595 766 669 801 aut
694 754 995 801 au&0ritatem
1023 756 1423 804 contemnentibus.
1454 757 1603 818 Quid?

309 826 624 887 gladiatoribus
645 845 777 891 quam
798 830 987 891 populus
1007 828 1224 890 irascitur,
1252 843 1295 877 et
1321 843 1408 877 tam
1428 831 1604 895 inique,

309 910 357 943 ut
380 897 583 945 iniuriam
608 912 754 961 putet,
785 903 908 965 quod
936 918 1028 949 non
1051 903 1235 951 libenter
1261 903 1472 966 pereunt?
1495 921 1607 951 con·

309 971 445 1017 temni
474 972 514 1019 se
534 973 728 1032 iudicat,
752 987 796 1021 et
816 976 969 1032 vultu,
990 975 1111 1038 gestu
1128 1011 1142 1034 ‚
1162 976 1348 1033 ardore,
1369 976 1423 1023 de
1440 975 1603 1039 specla-

310 1059 409 1091 tore
424 1046 469 1091 in
489 1048 785 1095 adversarium
806 1049 1007 1096 vertitur.
1025 1049 1256 1114 Quidquid
1274 1050 1356 1107 est,
1376 1063 1494 1098 certe
1512 1067 1605 1098 non

309 1119 371 1165 est
391 1120 485 1178 ira,
507 1120 577 1166 sed
597 1121 713 1182 quali
736 1121 821 1167 ira:
846 1121 952 1167 ficut
972 1138 1215 1183 puerorum
1236 1159 1248 1178 ,
1278 1124 1352 1185 qui
1379 1123 1410 1168 fi
1429 1123 1604 1170 cecide-

308 1202 433 1247 runt,
453 1201 613 1237 terram
632 1191 856 1239 verberari
876 1192 1036 1239 volunt
1050 1228 1064 1251 ,
1078 1206 1121 1241 et
1134 1193 1258 1257 saepe
1282 1211 1334 1240 ne
1349 1194 1490 1242 sciunt
1507 1196 1603 1259 qui-

309 1263 409 1308 dem
428 1299 441 1321 ,
463 1264 536 1310 cui
554 1265 798 1312 irascantur
813 1298 827 1321 ‚
850 1266 920 1312 sed
943 1277 1112 1313 tantum
1131 1267 1374 1315 irascuntur
1392 1268 1480 1316 fine
1502 1286 1603 1316 cau-

307 1336 347 1382 sa
376 1350 418 1381 et
441 1336 525 1383 fine
545 1338 705 1384 iniuria
721 1374 734 1393 ‚
752 1356 844 1386 non
864 1352 1011 1387 tamen
1032 1340 1119 1387 fine
1141 1341 1283 1405 aliqua
1303 1342 1488 1389 iniuriae
1506 1343 1602 1406 spe-

307 1408 403 1465 cie,
440 1426 520 1456 nec
547 1410 634 1458 fine
659 1412 802 1474 aliqua
835 1428 1005 1476 poenae
1036 1413 1288 1475 cupiditate.
1318 1415 1602 1462 Deluduntur

308 1481 457 1545 itaque
484 1483 732 1530 imitatione
763 1485 985 1549 plagarum
1003 1521 1015 1542 ‚
1045 1499 1089 1535 et
1123 1487 1327 1535 fimulatis
1363 1490 1602 1550 deprecan-

307 1557 418 1604 tium
436 1558 627 1606 lacrimis
651 1559 904 1623 placantur,
929 1572 971 1608 et
991 1560 1092 1607 falsa
1116 1560 1287 1608 ultione
1316 1560 1443 1610 falsus
1470 1562 1602 1610 dolor

309 1630 500 1678 tollitur.

376 1705 448 1750 111.
464 1704 693 1752 Irascimur
706 1741 719 1764 ‚
739 1706 906 1771 inquit,
928 1705 1052 1769 saepe
1065 1723 1158 1754 non
1172 1706 1254 1754 illis
1273 1707 1350 1771 qui
1367 1707 1601 1768 laeserunt,

308 1777 381 1825 sed
406 1777 473 1824 his
499 1779 575 1841 qui
596 1778 746 1827 laesuri
767 1780 863 1826 sunt
886 1798 896 1826 :
924 1790 970 1825 ut
990 1779 1095 1827 scias
1113 1779 1221 1826 iram
1244 1797 1336 1828 non
1358 1792 1524 1828 tantum
1545 1798 1601 1828 ex

308 1851 470 1899 iniuria
489 1853 617 1901 nasci.
648 1856 815 1901 Verum
838 1854 898 1901 est
913 1886 926 1909 ,
947 1853 1072 1901 irasci
1092 1870 1174 1901 nos
1192 1854 1370 1903 laesuris
1390 1873 1400 1902 :
1419 1855 1491 1902 sed
1511 1854 1600 1916 ipsa

306 1925 581 1987 cogitatione
594 1943 678 1973 nos
699 1928 901 1984 laedunt,
922 1939 965 1975 et
983 1927 1187 1973 iniuriam
1209 1928 1290 1991 qui
1309 1927 1500 1975 fafiurus
1514 1925 1600 1985 est,

309 1995 396 2043 iam
425 1997 541 2045 facit.
566 2001 628 2046 Ut
646 1996 780 2058 seiae,
800 2001 972 2064 inquit,
992 2017 1082 2047 non
1102 1999 1190 2048 effe
1204 2000 1312 2047 iram
1333 2016 1503 2063 poenae
1524 2015 1599 2047 cu-

309 2068 571 2131 piditatem,
606 2072 883 2120 infirmiffimi
909 2074 1033 2137 saepe
1061 2073 1365 2137 potentissimis
1399 2072 1596 2119 irascun-

309 2155 383 2190 tur
402 2162 413 2190 :
434 2162 516 2193 nec
545 2162 738 2208 poenam
760 2148 1109 2211 concupiscunt,
1133 2163 1266 2210 quam
1291 2162 1384 2193 non
1415 2145 1601 2209 sperant.

309 2216 510 2264 Primum
528 2218 742 2278 diximus,
756 2221 1039 2284 cupiditatem
1057 2221 1141 2268 effe
1155 2236 1324 2283 poenae
1341 2219 1599 2284 exigendae,

308 2307 404 2338 non
424 2292 671 2342 facultatem
690 2313 700 2342 ε
721 2296 1040 2359 concupiscunt
1055 2307 1196 2344 autem
1209 2294 1414 2342 homines
1431 2306 1474 2342 et
1486 2311 1599 2359 quae

308 2380 402 2411 non
421 2366 608 2428 poss‘unt.
629 2368 808 2416 Deinde
828 2385 962 2416 nemo
981 2383 1074 2416 tam
1092 2367 1267 2415 humilis
1285 2367 1346 2416 est
1359 2403 1373 2425 ‚
1392 2364 1468 2432 qui
1487 2385 1598 2431 poe-

307 2452 410 2484 nam
434 2440 504 2491 vel
532 2440 693 2492 summi
717 2442 912 2492 hominis
943 2442 1117 2508 sperare
1141 2457 1234 2493 non
1260 2441 1405 2507 poffit.
1426 2441 1482 2490 ad
1508 2456 1598 2498 ηοξ
