1741 2919
280 154 734 203 CONSOLATIO
769 157 864 202 AD
900 157 1236 206 MARCIAM.
1305 175 1392 223 205

117 260 164 308 lo
192 261 511 324 explicuerunt.
541 262 688 308 Video
712 260 933 319 fidiculas,
957 262 1092 308 video
1117 263 1299 309 verbera
1322 281 1331 309 :
1354 278 1398 311 et

118 332 328 378 membris
350 346 394 378 et
419 331 589 396 singulis
617 333 805 378 articulis
832 331 991 395 singula
1013 333 1393 378 machinamenta:

119 403 194 451 sed
220 405 356 452 video
381 418 424 452 et
449 417 653 453 mortem.
682 405 789 450 Sunt
816 402 908 450 istic
939 404 1080 450 hostes
1107 404 1273 449 cruz-mi
1292 437 1305 458 ‚
1333 404 1400 450 ci-

122 495 201 526 ves
221 479 392 542 superbi
413 480 513 527 :sed
533 479 665 524 video
685 477 778 523 istic
799 491 842 524 et
865 482 1071 524 mortem.
1101 480 1205 523 Non
1230 477 1288 523 est
1309 494 1402 522 rno-

121 551 272 598 lestum
294 553 475 610 servire,
497 551 571 597 ubi
593 551 623 595 fi
639 550 808 596 domini
829 551 1070 613 pertaesum
1091 551 1172 605 est,
1192 551 1291 596 licet
1310 566 1401 596 uno

122 625 260 688 gradu
292 625 346 671 ad
374 625 616 671 libertatem
645 623 837 669 transire.
871 636 1025 670 contra
1052 622 1230 668 iniurias
1259 622 1406 679 vitae,

124 695 386 744 beneficium
405 697 562 743 mortis
582 697 736 743 habeo.
757 696 940 760 Cogita,
963 712 1175 758 quantum
1194 695 1303 740 boni
1323 713 1407 756 op-

125 781 319 833 portuna
348 787 471 817 mors
501 771 685 829 habeat,
717 788 849 834 quam
883 770 1030 817 multis
1059 769 1223 816 diutius
1256 768 1409 815 vixisse

129 845 346 893 nocuerit.
380 846 425 892 Si
439 847 524 892 Cn.
554 845 812 908 Pompeium
832 881 844 900 ‚
863 844 997 892 decus
1016 843 1131 890 istius
1152 842 1411 889 firmamen-

125 930 316 983 tumque
339 919 540 983 imperii,
561 919 751 981 Neapoli
780 917 989 965 valetudo
1010 916 1240 963 abstulisset
1255 953 1266 974 ,
1284 916 1413 961 indu—

127 990 288 1038 bitatus
315 992 470 1054 populi
497 991 690 1038 Romani
720 990 923 1054 princeps
947 989 1194 1037 excefferat.
1222 992 1279 1035 At
1298 1005 1416 1035 nunc

128 1063 279 1126 exigui
311 1064 523 1126 temporis
544 1064 731 1111 adieffio
765 1062 937 1126 fastigio
967 1062 1088 1108 illum
1123 1062 1201 1108 suo
1236 1061 1419 1124 depulit.

132 1138 261 1185 Vidit
297 1138 494 1203 legiones
525 1139 568 1186 in
599 1138 834 1202 conspeflu
863 1137 941 1184 suo
972 1136 1143 1183 caesas:
1171 1146 1214 1183 et
1248 1152 1303 1182 ex
1338 1135 1419 1181 illo

130 1212 330 1276 proelio,
362 1212 408 1260 in
428 1229 522 1278 quo
553 1213 694 1276 prima
714 1213 831 1259 acies
857 1212 1024 1258 senatus
1048 1209 1158 1267 fuit,
1187 1226 1319 1273 quam
1346 1209 1419 1254 in·-

131 1284 282 1333 felices
303 1286 510 1350 reliquiae
536 1288 653 1342 sunt,
675 1286 987 1347 imperatorem
1017 1282 1158 1345 ipsum
1184 1280 1418 1345 superfuis-

130 1359 196 1407 se!
217 1359 329 1407 vidit
347 1361 620 1426 Aegyptium
641 1358 889 1408 carnificem
904 1395 917 1416 ‚
934 1369 978 1404 et
995 1355 1312 1404 sacrosanfitum
1329 1356 1422 1402 vic-

133 1438 306 1486 toribus
332 1453 498 1501 corpus
519 1436 686 1484 satelliti
714 1432 948 1498 praestitit,
976 1431 1106 1479 etiam
1133 1430 1165 1476 fi
1184 1429 1422 1477 incolumis

134 1508 282 1558 fuiffet
312 1508 625 1574 poenitentiam
659 1506 802 1554 salutis
832 1507 1015 1552 afturus.
1041 1501 1148 1565 quid
1181 1501 1297 1547 enim
1331 1514 1424 1547 erat

137 1582 311 1645 turpius
329 1619 343 1641 ‚
382 1599 516 1646 quam
544 1580 806 1644 Pompeium
833 1579 990 1626 vivere
1016 1573 1238 1622 beneficio
1269 1572 1422 1635 regis?

137 1657 203 1704 M.
231 1656 393 1703 Cicero
418 1654 449 1702 fi
470 1673 526 1703 eo
556 1668 784 1718 tempore,
811 1669 903 1717 quo
929 1649 1141 1697 Catilinae
1168 1647 1271 1693 ficas
1301 1646 1426 1692 devi-

61 1778 65 1779 ⁷
136 1727 274 1786 tavit,
302 1728 460 1792 quibus
485 1728 646 1791 pariter
677 1743 777 1773 cum
808 1723 945 1788 patria
972 1721 1132 1786 petitus
1155 1719 1240 1777 est,
1266 1717 1425 1764 conci-

140 1800 268 1849 diffet
283 1837 296 1858 ‚
324 1801 504 1849 liberata
521 1799 762 1863 Republica
785 1795 1074 1845 conservator
1098 1794 1189 1839 eius
1210 1809 1219 1837 :
1248 1791 1278 1836 si
1299 1791 1427 1836 deni-

141 1890 228 1939 que
248 1872 362 1921 filiae
389 1873 488 1922 suae
514 1873 643 1921 funus
667 1871 835 1918 secutus
855 1869 1026 1925 fuiffet,
1050 1867 1181 1913 etiam
1202 1877 1306 1911 tunc
1321 1863 1428 1910 felix

143 1947 261 1995 mori
273 1946 431 2011 potuit.
448 1949 556 1994 Non
570 1945 744 1993 vidisset
757 1943 928 1990 striaos
946 1942 991 1987 in
1006 1939 1153 1987 civilia
1169 1937 1309 2000 capita
1328 1953 1430 1982 mu·-

144 2037 302 2070 crones
319 2041 329 2067 ι
346 2038 428 2068 nec
448 2020 584 2068 divisa
600 2016 924 2082 percussoribus
941 2013 1193 2063 occisorum
1213 2013 1331 2056 bona
1347 2045 1360 2064 ‚
1382 2021 1430 2055 ut

145 2095 275 2142 etiam
302 2095 355 2141 de
381 2094 460 2141 suo
488 2093 713 2157 perirent:
741 2107 834 2136 non
863 2087 1026 2135 hastam
1056 2084 1300 2133 consularia
1330 2083 1432 2146 spo-

147 2169 203 2215 lia
228 2169 523 2216 vendentem:
547 2182 628 2213 nec
660 2165 812 2213 caedes
830 2196 847 2219 ‚
875 2178 955 2209 nec
987 2161 1131 2207 locata
1163 2157 1338 2221 publice
1366 2156 1434 2202 la-

150 2244 368 2302 trocinia,
398 2241 537 2295 bella,
567 2241 768 2304 rapinas,
787 2249 955 2285 tantum
983 2234 1286 2281 Catilinarum.
1314 2233 1434 2277 Mar-

154 2333 258 2364 cum
290 2317 509 2362 Catonem
530 2313 574 2371 *fi
602 2331 626 2360 a
645 2314 806 2377 Cypro
829 2323 872 2357 et
898 2306 1146 2355 hereditatis
1171 2304 1313 2369 regiae
1342 2302 1434 2350 dis-

157 2390 409 2456 pensatione
432 2389 689 2436 redeuntem
714 2401 833 2431 mare
861 2379 1131 2437 devorasset,
1153 2379 1225 2425 vel
1246 2394 1346 2423 cum
1364 2375 1439 2422 illa

156 2463 359 2529 pecunia,
375 2478 508 2527 quam
527 2459 734 2508 afferebat
750 2456 872 2506 civili
889 2454 1006 2503 bello
1023 2452 1307 2516 stipendium,
1323 2467 1439 2497 non·
