<?xml version="1.0" encoding="UTF-8"?>
<!DOCTYPE html PUBLIC "-//W3C//DTD XHTML 1.0 Transitional//EN"
    "http://www.w3.org/TR/xhtml1/DTD/xhtml1-transitional.dtd">
<html xmlns="http://www.w3.org/1999/xhtml" xml:lang="en" lang="en">
 <head>
  <title>
</title>
<meta http-equiv="Content-Type" content="text/html;charset=utf-8" />
  <meta name='ocr-system' content='tesseract 3.04.00' />
  <meta name='ocr-capabilities' content='ocr_page ocr_carea ocr_par ocr_line ocrx_word'/>
</head>
<body>
  <div class='ocr_page' id='page_1' title='image "./lannaeisenecaeph01seneuoft_0347.png"; bbox 0 0 1741 2919; ppageno 0'>
   <div class='ocr_carea' id='block_1_1' title="bbox 398 117 1460 182">
    <p class='ocr_par' dir='ltr' id='par_1_1' title="bbox 398 117 1460 182">
     <span class='ocr_line' id='line_1_1' title="bbox 398 117 1460 182; baseline 0.004 -19"><span class='ocrx_word' id='word_1_1' title='bbox 398 117 483 163; x_wconf 76' lang='lat' dir='ltr'>DE</span> <span class='ocrx_word' id='word_1_2' title='bbox 519 117 916 164; x_wconf 69' lang='lat' dir='ltr'>CONSTANTIA</span> <span class='ocrx_word' id='word_1_3' title='bbox 953 119 1262 166; x_wconf 48' lang='lat' dir='ltr'><strong>SAPOENTIS.</strong></span> <span class='ocrx_word' id='word_1_4' title='bbox 1374 136 1460 182; x_wconf 80' lang='lat'>301</span> 
     </span>
    </p>
   </div>
   <div class='ocr_carea' id='block_1_2' title="bbox 153 220 1467 2476">
    <p class='ocr_par' dir='ltr' id='par_1_2' title="bbox 178 220 1467 1527">
     <span class='ocr_line' id='line_1_2' title="bbox 188 220 1464 290; baseline 0.005 -23"><span class='ocrx_word' id='word_1_5' title='bbox 188 220 263 268; x_wconf 87' lang='lat' dir='ltr'>fit:</span> <span class='ocrx_word' id='word_1_6' title='bbox 282 239 410 286; x_wconf 85' lang='lat' dir='ltr'>quam</span> <span class='ocrx_word' id='word_1_7' title='bbox 431 226 508 272; x_wconf 88' lang='lat' dir='ltr'>fibi</span> <span class='ocrx_word' id='word_1_8' title='bbox 527 226 713 281; x_wconf 88' lang='lat' dir='ltr'>obiecit,</span> <span class='ocrx_word' id='word_1_9' title='bbox 733 225 927 289; x_wconf 86' lang='lat' dir='ltr'>quisquis</span> <span class='ocrx_word' id='word_1_10' title='bbox 942 225 1180 274; x_wconf 81' lang='lat' dir='ltr'>abscondit.</span> <span class='ocrx_word' id='word_1_11' title='bbox 1201 229 1351 290; x_wconf 85' lang='lat' dir='ltr'>Itaque</span> <span class='ocrx_word' id='word_1_12' title='bbox 1371 245 1464 274; x_wconf 89' lang='lat' dir='ltr'>ma-</span> 
     </span>
     <span class='ocr_line' id='line_1_3' title="bbox 189 295 1467 363; baseline 0.005 -24"><span class='ocrx_word' id='word_1_13' title='bbox 189 295 294 340; x_wconf 86' lang='lat' dir='ltr'>teria</span> <span class='ocrx_word' id='word_1_14' title='bbox 318 297 608 358; x_wconf 82' lang='lat' dir='ltr'>petulantibus</span> <span class='ocrx_word' id='word_1_15' title='bbox 636 309 679 344; x_wconf 88' lang='lat' dir='ltr'>et</span> <span class='ocrx_word' id='word_1_16' title='bbox 714 298 796 362; x_wconf 89' lang='lat' dir='ltr'>&#39;per</span> <span class='ocrx_word' id='word_1_17' title='bbox 826 298 1136 363; x_wconf 76' lang='lat' dir='ltr'>contumeliam</span> <span class='ocrx_word' id='word_1_18' title='bbox 1175 299 1353 346; x_wconf 84' lang='lat' dir='ltr'>urbanis</span> <span class='ocrx_word' id='word_1_19' title='bbox 1391 301 1467 346; x_wconf 82' lang='lat' dir='ltr'>de·-</span> 
     </span>
     <span class='ocr_line' id='line_1_4' title="bbox 187 368 1467 434; baseline 0.006 -22"><span class='ocrx_word' id='word_1_20' title='bbox 187 368 392 428; x_wconf 85' lang='lat' dir='ltr'>trahitur,</span> <span class='ocrx_word' id='word_1_21' title='bbox 417 370 445 416; x_wconf 87' lang='lat' dir='ltr'>fi</span> <span class='ocrx_word' id='word_1_22' title='bbox 470 371 585 417; x_wconf 87' lang='lat' dir='ltr'>ultro</span> <span class='ocrx_word' id='word_1_23' title='bbox 616 371 733 418; x_wconf 86' lang='lat' dir='ltr'>illam</span> <span class='ocrx_word' id='word_1_24' title='bbox 765 383 806 418; x_wconf 88' lang='lat' dir='ltr'>et</span> <span class='ocrx_word' id='word_1_25' title='bbox 836 371 958 434; x_wconf 86' lang='lat' dir='ltr'>prior</span> <span class='ocrx_word' id='word_1_26' title='bbox 984 388 1189 434; x_wconf 85' lang='lat' dir='ltr'>occupes.</span> <span class='ocrx_word' id='word_1_27' title='bbox 1222 389 1355 419; x_wconf 88' lang='lat' dir='ltr'>nemo</span> <span class='ocrx_word' id='word_1_28' title='bbox 1372 373 1467 420; x_wconf 86' lang='lat' dir='ltr'>aliis</span> 
     </span>
     <span class='ocr_line' id='line_1_5' title="bbox 186 440 1466 508; baseline 0.006 -23"><span class='ocrx_word' id='word_1_29' title='bbox 186 440 317 487; x_wconf 86' lang='lat' dir='ltr'>risum</span> <span class='ocrx_word' id='word_1_30' title='bbox 339 443 558 504; x_wconf 84' lang='lat' dir='ltr'>praebuit,</span> <span class='ocrx_word' id='word_1_31' title='bbox 578 444 652 508; x_wconf 86' lang='lat' dir='ltr'>qui</span> <span class='ocrx_word' id='word_1_32' title='bbox 682 462 736 492; x_wconf 84' lang='lat' dir='ltr'>ex</span> <span class='ocrx_word' id='word_1_33' title='bbox 760 445 801 491; x_wconf 93' lang='lat' dir='ltr'>se</span> <span class='ocrx_word' id='word_1_34' title='bbox 828 444 956 507; x_wconf 84' lang='lat' dir='ltr'>cepit.</span> <span class='ocrx_word' id='word_1_35' title='bbox 981 445 1210 504; x_wconf 17' lang='lat' dir='ltr'>&lt;Vatinium</span> <span class='ocrx_word' id='word_1_36' title='bbox 1237 447 1466 494; x_wconf 86' lang='lat' dir='ltr'>hominem</span> 
     </span>
     <span class='ocr_line' id='line_1_6' title="bbox 187 516 1466 575; baseline 0.007 -18"><span class='ocrx_word' id='word_1_37' title='bbox 187 526 336 559; x_wconf 86' lang='lat' dir='ltr'>natum</span> <span class='ocrx_word' id='word_1_38' title='bbox 354 526 397 561; x_wconf 90' lang='lat' dir='ltr'>et</span> <span class='ocrx_word' id='word_1_39' title='bbox 414 517 468 562; x_wconf 90' lang='lat' dir='ltr'>ad</span> <span class='ocrx_word' id='word_1_40' title='bbox 494 516 624 563; x_wconf 86' lang='lat' dir='ltr'>risum</span> <span class='ocrx_word' id='word_1_41' title='bbox 640 552 654 575; x_wconf 85' lang='lat'><strong>,</strong></span> <span class='ocrx_word' id='word_1_42' title='bbox 679 529 723 564; x_wconf 92' lang='lat' dir='ltr'>et</span> <span class='ocrx_word' id='word_1_43' title='bbox 741 518 795 563; x_wconf 87' lang='lat' dir='ltr'>ad</span> <span class='ocrx_word' id='word_1_44' title='bbox 823 518 975 563; x_wconf 87' lang='lat' dir='ltr'>odium</span> <span class='ocrx_word' id='word_1_45' title='bbox 994 549 1009 572; x_wconf 93' lang='lat'>‚</span> <span class='ocrx_word' id='word_1_46' title='bbox 1030 517 1217 564; x_wconf 85' lang='lat' dir='ltr'>scurram</span> <span class='ocrx_word' id='word_1_47' title='bbox 1241 517 1365 565; x_wconf 81' lang='lat' dir='ltr'>fuiffe</span> <span class='ocrx_word' id='word_1_48' title='bbox 1384 536 1466 566; x_wconf 84' lang='lat' dir='ltr'>ve-</span> 
     </span>
     <span class='ocr_line' id='line_1_7' title="bbox 189 585 1464 655; baseline 0.007 -25"><span class='ocrx_word' id='word_1_49' title='bbox 189 585 358 634; x_wconf 84' lang='lat' dir='ltr'>nustum</span> <span class='ocrx_word' id='word_1_50' title='bbox 384 605 436 636; x_wconf 83' lang='lat' dir='ltr'>ac</span> <span class='ocrx_word' id='word_1_51' title='bbox 460 590 652 638; x_wconf 81' lang='lat' dir='ltr'>dicacem</span> <span class='ocrx_word' id='word_1_52' title='bbox 669 623 683 647; x_wconf 89' lang='lat'>,</span> <span class='ocrx_word' id='word_1_53' title='bbox 712 591 951 638; x_wconf 79' lang='lat' dir='ltr'>memoriae</span> <span class='ocrx_word' id='word_1_54' title='bbox 979 591 1203 654; x_wconf 76' lang='lat' dir='ltr'>proditum</span> <span class='ocrx_word' id='word_1_55' title='bbox 1224 591 1299 639; x_wconf 88' lang='lat' dir='ltr'>est.</span> <span class='ocrx_word' id='word_1_56' title='bbox 1319 593 1365 639; x_wconf 88' lang='lat' dir='ltr'>in</span> <span class='ocrx_word' id='word_1_57' title='bbox 1384 609 1464 655; x_wconf 85' lang='lat' dir='ltr'>pe-</span> 
     </span>
     <span class='ocr_line' id='line_1_8' title="bbox 186 658 1462 726; baseline 0.005 -22"><span class='ocrx_word' id='word_1_58' title='bbox 186 658 261 706; x_wconf 88' lang='lat' dir='ltr'>des</span> <span class='ocrx_word' id='word_1_59' title='bbox 281 660 380 708; x_wconf 88' lang='lat' dir='ltr'>suos</span> <span class='ocrx_word' id='word_1_60' title='bbox 399 661 488 725; x_wconf 91' lang='lat' dir='ltr'>ipse</span> <span class='ocrx_word' id='word_1_61' title='bbox 508 663 692 726; x_wconf 86' lang='lat' dir='ltr'>plurima</span> <span class='ocrx_word' id='word_1_62' title='bbox 717 663 912 718; x_wconf 80' lang='lat' dir='ltr'>dicebat,</span> <span class='ocrx_word' id='word_1_63' title='bbox 933 673 975 709; x_wconf 89' lang='lat' dir='ltr'>et</span> <span class='ocrx_word' id='word_1_64' title='bbox 999 663 1044 710; x_wconf 87' lang='lat' dir='ltr'>in</span> <span class='ocrx_word' id='word_1_65' title='bbox 1070 663 1214 710; x_wconf 77' lang='lat' dir='ltr'>fauces</span> <span class='ocrx_word' id='word_1_66' title='bbox 1243 665 1462 712; x_wconf 87' lang='lat' dir='ltr'>concisas:</span> 
     </span>
     <span class='ocr_line' id='line_1_9' title="bbox 184 730 1463 800; baseline 0.005 -23"><span class='ocrx_word' id='word_1_67' title='bbox 184 730 243 778; x_wconf 86' lang='lat' dir='ltr'>fic</span> <span class='ocrx_word' id='word_1_68' title='bbox 261 731 568 794; x_wconf 88' lang='lat' dir='ltr'>inimicorum,</span> <span class='ocrx_word' id='word_1_69' title='bbox 595 753 707 800; x_wconf 88' lang='lat' dir='ltr'>quos</span> <span class='ocrx_word' id='word_1_70' title='bbox 727 737 871 799; x_wconf 82' lang='lat' dir='ltr'>plures</span> <span class='ocrx_word' id='word_1_71' title='bbox 895 736 1080 782; x_wconf 83' lang='lat' dir='ltr'>habebat</span> <span class='ocrx_word' id='word_1_72' title='bbox 1098 753 1229 799; x_wconf 82' lang='lat' dir='ltr'>quam</span> <span class='ocrx_word' id='word_1_73' title='bbox 1249 737 1433 784; x_wconf 84' lang='lat' dir='ltr'>morbos</span> <span class='ocrx_word' id='word_1_74' title='bbox 1449 772 1463 795; x_wconf 78' lang='lat'>‚</span> 
     </span>
     <span class='ocr_line' id='line_1_10' title="bbox 183 806 1464 874; baseline 0.005 -22"><span class='ocrx_word' id='word_1_75' title='bbox 183 818 225 852; x_wconf 89' lang='lat' dir='ltr'>et</span> <span class='ocrx_word' id='word_1_76' title='bbox 251 806 295 853; x_wconf 91' lang='lat' dir='ltr'>in</span> <span class='ocrx_word' id='word_1_77' title='bbox 315 809 468 871; x_wconf 81' lang='lat' dir='ltr'>pritnis</span> <span class='ocrx_word' id='word_1_78' title='bbox 486 811 718 859; x_wconf 83' lang='lat' dir='ltr'>Ciceronis</span> <span class='ocrx_word' id='word_1_79' title='bbox 737 811 1025 859; x_wconf 82' lang='lat' dir='ltr'>urbanitatem</span> <span class='ocrx_word' id='word_1_80' title='bbox 1046 811 1208 874; x_wconf 78' lang='lat' dir='ltr'>effugit.</span> <span class='ocrx_word' id='word_1_81' title='bbox 1227 811 1271 856; x_wconf 87' lang='lat' dir='ltr'>Si</span> <span class='ocrx_word' id='word_1_82' title='bbox 1284 811 1355 858; x_wconf 88' lang='lat' dir='ltr'>ille</span> <span class='ocrx_word' id='word_1_83' title='bbox 1376 813 1464 859; x_wconf 82' lang='lat' dir='ltr'>hoc</span> 
     </span>
     <span class='ocr_line' id='line_1_11' title="bbox 183 880 1466 949; baseline 0.004 -23"><span class='ocrx_word' id='word_1_84' title='bbox 183 880 330 941; x_wconf 87' lang='lat' dir='ltr'>potuit</span> <span class='ocrx_word' id='word_1_85' title='bbox 354 883 510 930; x_wconf 85' lang='lat' dir='ltr'>duritia</span> <span class='ocrx_word' id='word_1_86' title='bbox 536 885 627 931; x_wconf 80' lang='lat' dir='ltr'>oris</span> <span class='ocrx_word' id='word_1_87' title='bbox 649 922 661 942; x_wconf 88' lang='lat'>‚</span> <span class='ocrx_word' id='word_1_88' title='bbox 691 885 767 949; x_wconf 85' lang='lat' dir='ltr'>qui</span> <span class='ocrx_word' id='word_1_89' title='bbox 795 884 969 931; x_wconf 79' lang='lat' dir='ltr'>affiduis</span> <span class='ocrx_word' id='word_1_90' title='bbox 999 883 1215 932; x_wconf 88' lang='lat' dir='ltr'>conviciis</span> <span class='ocrx_word' id='word_1_91' title='bbox 1245 886 1466 947; x_wconf 83' lang='lat' dir='ltr'>depudere</span> 
     </span>
     <span class='ocr_line' id='line_1_12' title="bbox 183 952 1465 1020; baseline 0.006 -23"><span class='ocrx_word' id='word_1_92' title='bbox 183 952 393 1003; x_wconf 79' lang='lat' dir='ltr'>didicerat</span> <span class='ocrx_word' id='word_1_93' title='bbox 414 973 425 1002; x_wconf 89' lang='lat'>:</span> <span class='ocrx_word' id='word_1_94' title='bbox 454 974 532 1004; x_wconf 91' lang='lat' dir='ltr'>cur</span> <span class='ocrx_word' id='word_1_95' title='bbox 559 958 594 1005; x_wconf 91' lang='lat' dir='ltr'>is</span> <span class='ocrx_word' id='word_1_96' title='bbox 620 974 711 1005; x_wconf 91' lang='lat' dir='ltr'>non</span> <span class='ocrx_word' id='word_1_97' title='bbox 733 957 862 1020; x_wconf 82' lang='lat' dir='ltr'>poffit</span> <span class='ocrx_word' id='word_1_98' title='bbox 878 992 891 1013; x_wconf 88' lang='lat'>‚</span> <span class='ocrx_word' id='word_1_99' title='bbox 912 957 990 1020; x_wconf 84' lang='lat' dir='ltr'>qui</span> <span class='ocrx_word' id='word_1_100' title='bbox 1014 955 1162 1004; x_wconf 82' lang='lat' dir='ltr'>studiis</span> <span class='ocrx_word' id='word_1_101' title='bbox 1190 958 1435 1005; x_wconf 71' lang='lat' dir='ltr'>liberalibus</span> <span class='ocrx_word' id='word_1_102' title='bbox 1450 994 1465 1017; x_wconf 88' lang='lat'><strong>,</strong></span> 
     </span>
     <span class='ocr_line' id='line_1_13' title="bbox 181 1024 1466 1092; baseline 0.005 -23"><span class='ocrx_word' id='word_1_103' title='bbox 181 1038 226 1070; x_wconf 91' lang='lat' dir='ltr'>et</span> <span class='ocrx_word' id='word_1_104' title='bbox 246 1024 476 1089; x_wconf 85' lang='lat' dir='ltr'>sapientiae</span> <span class='ocrx_word' id='word_1_105' title='bbox 504 1030 653 1088; x_wconf 84' lang='lat' dir='ltr'>cultu,</span> <span class='ocrx_word' id='word_1_106' title='bbox 685 1030 740 1076; x_wconf 85' lang='lat' dir='ltr'>ad</span> <span class='ocrx_word' id='word_1_107' title='bbox 766 1028 954 1092; x_wconf 82' lang='lat' dir='ltr'>aliquem</span> <span class='ocrx_word' id='word_1_108' title='bbox 977 1027 1225 1090; x_wconf 57' lang='lat' dir='ltr'>profestum</span> <span class='ocrx_word' id='word_1_109' title='bbox 1249 1046 1466 1091; x_wconf 78' lang='lat' dir='ltr'>pervene-</span> 
     </span>
     <span class='ocr_line' id='line_1_14' title="bbox 181 1096 1463 1165; baseline 0.005 -24"><span class='ocrx_word' id='word_1_110' title='bbox 181 1096 268 1143; x_wconf 76' lang='lat' dir='ltr'>rit?</span> <span class='ocrx_word' id='word_1_111' title='bbox 299 1099 483 1158; x_wconf 69' lang='lat' dir='ltr'>Adfice,</span> <span class='ocrx_word' id='word_1_112' title='bbox 505 1102 627 1164; x_wconf 89' lang='lat' dir='ltr'>quod</span> <span class='ocrx_word' id='word_1_113' title='bbox 652 1118 785 1165; x_wconf 85' lang='lat' dir='ltr'>genus</span> <span class='ocrx_word' id='word_1_114' title='bbox 805 1100 984 1148; x_wconf 84' lang='lat' dir='ltr'>ultionis</span> <span class='ocrx_word' id='word_1_115' title='bbox 1008 1100 1069 1147; x_wconf 91' lang='lat' dir='ltr'>est</span> <span class='ocrx_word' id='word_1_116' title='bbox 1088 1136 1100 1157; x_wconf 91' lang='lat'>‚</span> <span class='ocrx_word' id='word_1_117' title='bbox 1131 1100 1298 1163; x_wconf 80' lang='lat' dir='ltr'>eripere</span> <span class='ocrx_word' id='word_1_118' title='bbox 1318 1102 1357 1148; x_wconf 88' lang='lat' dir='ltr'>ei</span> <span class='ocrx_word' id='word_1_119' title='bbox 1387 1101 1463 1164; x_wconf 80' lang='lat' dir='ltr'>qui</span> 
     </span>
     <span class='ocr_line' id='line_1_15' title="bbox 178 1169 1464 1237; baseline 0.006 -24"><span class='ocrx_word' id='word_1_120' title='bbox 178 1169 311 1229; x_wconf 77' lang='lat' dir='ltr'>tecit,</span> <span class='ocrx_word' id='word_1_121' title='bbox 331 1174 623 1221; x_wconf 83' lang='lat' dir='ltr'>contumeliae</span> <span class='ocrx_word' id='word_1_122' title='bbox 640 1174 929 1237; x_wconf 79' lang='lat' dir='ltr'>voluptatem.</span> <span class='ocrx_word' id='word_1_123' title='bbox 954 1174 1105 1220; x_wconf 83' lang='lat' dir='ltr'>Solent</span> <span class='ocrx_word' id='word_1_124' title='bbox 1124 1173 1269 1220; x_wconf 85' lang='lat' dir='ltr'>dicere</span> <span class='ocrx_word' id='word_1_125' title='bbox 1289 1191 1299 1220; x_wconf 93' lang='lat'><strong>:</strong></span> <span class='ocrx_word' id='word_1_126' title='bbox 1329 1174 1464 1221; x_wconf 75' lang='lat' dir='ltr'>Mise-</span> 
     </span>
     <span class='ocr_line' id='line_1_16' title="bbox 179 1245 1465 1307; baseline 0.005 -20"><span class='ocrx_word' id='word_1_127' title='bbox 179 1259 277 1288; x_wconf 88' lang='lat' dir='ltr'>rum</span> <span class='ocrx_word' id='word_1_128' title='bbox 307 1260 404 1302; x_wconf 82' lang='lat' dir='ltr'>me,</span> <span class='ocrx_word' id='word_1_129' title='bbox 433 1262 544 1307; x_wconf 88' lang='lat' dir='ltr'>puto</span> <span class='ocrx_word' id='word_1_130' title='bbox 569 1263 660 1293; x_wconf 88' lang='lat' dir='ltr'>non</span> <span class='ocrx_word' id='word_1_131' title='bbox 691 1246 925 1294; x_wconf 84' lang='lat' dir='ltr'>intellexit!</span> <span class='ocrx_word' id='word_1_132' title='bbox 958 1247 1070 1294; x_wconf 86' lang='lat' dir='ltr'>adeo</span> <span class='ocrx_word' id='word_1_133' title='bbox 1102 1245 1267 1293; x_wconf 56' lang='lat' dir='ltr'>frustus</span> <span class='ocrx_word' id='word_1_134' title='bbox 1298 1259 1465 1294; x_wconf 56' lang='lat' dir='ltr'>contib</span> 
     </span>
     <span class='ocr_line' id='line_1_17' title="bbox 179 1316 1460 1381; baseline 0.002 -20"><span class='ocrx_word' id='word_1_135' title='bbox 179 1316 335 1363; x_wconf 84' lang='lat' dir='ltr'>meliae</span> <span class='ocrx_word' id='word_1_136' title='bbox 358 1317 403 1363; x_wconf 91' lang='lat' dir='ltr'>in</span> <span class='ocrx_word' id='word_1_137' title='bbox 434 1317 556 1364; x_wconf 86' lang='lat' dir='ltr'>sensu</span> <span class='ocrx_word' id='word_1_138' title='bbox 575 1331 618 1366; x_wconf 92' lang='lat' dir='ltr'>et</span> <span class='ocrx_word' id='word_1_139' title='bbox 652 1318 953 1381; x_wconf 82' lang='lat' dir='ltr'>indignatione</span> <span class='ocrx_word' id='word_1_140' title='bbox 985 1317 1186 1381; x_wconf 81' lang='lat' dir='ltr'>patientis</span> <span class='ocrx_word' id='word_1_141' title='bbox 1212 1317 1288 1366; x_wconf 87' lang='lat' dir='ltr'>est.</span> <span class='ocrx_word' id='word_1_142' title='bbox 1315 1318 1460 1364; x_wconf 83' lang='lat' dir='ltr'>Dein-</span> 
     </span>
     <span class='ocr_line' id='line_1_18' title="bbox 178 1391 1461 1457; baseline 0.002 -20"><span class='ocrx_word' id='word_1_143' title='bbox 178 1392 232 1438; x_wconf 87' lang='lat' dir='ltr'>de</span> <span class='ocrx_word' id='word_1_144' title='bbox 253 1408 344 1438; x_wconf 90' lang='lat' dir='ltr'>non</span> <span class='ocrx_word' id='word_1_145' title='bbox 370 1393 507 1439; x_wconf 89' lang='lat' dir='ltr'>deerit</span> <span class='ocrx_word' id='word_1_146' title='bbox 522 1393 585 1438; x_wconf 89' lang='lat' dir='ltr'>illi</span> <span class='ocrx_word' id='word_1_147' title='bbox 613 1392 849 1457; x_wconf 85' lang='lat' dir='ltr'>aliquando</span> <span class='ocrx_word' id='word_1_148' title='bbox 870 1408 1022 1455; x_wconf 86' lang='lat' dir='ltr'>parem</span> <span class='ocrx_word' id='word_1_149' title='bbox 1055 1391 1258 1440; x_wconf 88' lang='lat' dir='ltr'>invenire</span> <span class='ocrx_word' id='word_1_150' title='bbox 1279 1427 1294 1450; x_wconf 95' lang='lat'>,</span> <span class='ocrx_word' id='word_1_151' title='bbox 1326 1391 1401 1456; x_wconf 86' lang='lat' dir='ltr'>qui</span> <span class='ocrx_word' id='word_1_152' title='bbox 1417 1405 1461 1439; x_wconf 85' lang='lat' dir='ltr'>te</span> 
     </span>
     <span class='ocr_line' id='line_1_19' title="bbox 178 1465 595 1527; baseline 0.005 -17"><span class='ocrx_word' id='word_1_153' title='bbox 178 1480 359 1527; x_wconf 85' lang='lat' dir='ltr'>quoque</span> <span class='ocrx_word' id='word_1_154' title='bbox 387 1465 595 1512; x_wconf 89' lang='lat' dir='ltr'>vindicet.</span> 
     </span>
    </p>

    <p class='ocr_par' dir='ltr' id='par_1_3' title="bbox 153 1536 1461 2476">
     <span class='ocr_line' id='line_1_20' title="bbox 243 1536 1460 1601; baseline -0.001 -18"><span class='ocrx_word' id='word_1_155' title='bbox 243 1538 406 1584; x_wconf 81' lang='lat' dir='ltr'>XVIII.</span> <span class='ocrx_word' id='word_1_156' title='bbox 429 1539 481 1585; x_wconf 90' lang='lat' dir='ltr'>C.</span> <span class='ocrx_word' id='word_1_157' title='bbox 501 1538 660 1585; x_wconf 89' lang='lat' dir='ltr'>Caesar</span> <span class='ocrx_word' id='word_1_158' title='bbox 687 1537 799 1585; x_wconf 88' lang='lat' dir='ltr'>inter</span> <span class='ocrx_word' id='word_1_159' title='bbox 823 1548 966 1585; x_wconf 89' lang='lat' dir='ltr'>cetera</span> <span class='ocrx_word' id='word_1_160' title='bbox 989 1536 1121 1595; x_wconf 83' lang='lat' dir='ltr'>vitia,</span> <span class='ocrx_word' id='word_1_161' title='bbox 1140 1537 1303 1601; x_wconf 86' lang='lat' dir='ltr'>quibus</span> <span class='ocrx_word' id='word_1_162' title='bbox 1321 1536 1460 1583; x_wconf 83' lang='lat' dir='ltr'>abun-</span> 
     </span>
     <span class='ocr_line' id='line_1_21' title="bbox 175 1609 1459 1667; baseline -0.002 -10"><span class='ocrx_word' id='word_1_163' title='bbox 175 1612 326 1667; x_wconf 75' lang='lat' dir='ltr'>dabat,</span> <span class='ocrx_word' id='word_1_164' title='bbox 358 1611 698 1659; x_wconf 86' lang='lat' dir='ltr'>contumeliosus</span> <span class='ocrx_word' id='word_1_165' title='bbox 726 1611 979 1658; x_wconf 85' lang='lat' dir='ltr'>mirabiliter</span> <span class='ocrx_word' id='word_1_166' title='bbox 998 1609 1225 1658; x_wconf 80' lang='lat' dir='ltr'>ferebatur</span> <span class='ocrx_word' id='word_1_167' title='bbox 1251 1609 1459 1658; x_wconf 84' lang='lat' dir='ltr'>omnibus</span> 
     </span>
     <span class='ocr_line' id='line_1_22' title="bbox 175 1682 1460 1749; baseline -0.002 -19"><span class='ocrx_word' id='word_1_168' title='bbox 175 1684 318 1749; x_wconf 79' lang='lat' dir='ltr'>aliqua</span> <span class='ocrx_word' id='word_1_169' title='bbox 332 1700 437 1731; x_wconf 87' lang='lat' dir='ltr'>nota</span> <span class='ocrx_word' id='word_1_170' title='bbox 456 1684 682 1743; x_wconf 85' lang='lat' dir='ltr'>feriendis,</span> <span class='ocrx_word' id='word_1_171' title='bbox 700 1684 789 1747; x_wconf 89' lang='lat' dir='ltr'>ipse</span> <span class='ocrx_word' id='word_1_172' title='bbox 807 1684 986 1730; x_wconf 83' lang='lat' dir='ltr'>materia</span> <span class='ocrx_word' id='word_1_173' title='bbox 1010 1682 1114 1729; x_wconf 86' lang='lat' dir='ltr'>risus</span> <span class='ocrx_word' id='word_1_174' title='bbox 1144 1682 1460 1745; x_wconf 68' lang='lat' dir='ltr'>benignissima.</span> 
     </span>
     <span class='ocr_line' id='line_1_23' title="bbox 174 1756 1456 1821; baseline -0.002 -17"><span class='ocrx_word' id='word_1_175' title='bbox 174 1758 314 1804; x_wconf 84' lang='lat' dir='ltr'>Tanta</span> <span class='ocrx_word' id='word_1_176' title='bbox 341 1758 400 1805; x_wconf 91' lang='lat' dir='ltr'>illi</span> <span class='ocrx_word' id='word_1_177' title='bbox 429 1758 606 1821; x_wconf 85' lang='lat' dir='ltr'>palloris</span> <span class='ocrx_word' id='word_1_178' title='bbox 637 1757 844 1804; x_wconf 86' lang='lat' dir='ltr'>insaniam</span> <span class='ocrx_word' id='word_1_179' title='bbox 882 1756 1071 1803; x_wconf 84' lang='lat' dir='ltr'>testantis</span> <span class='ocrx_word' id='word_1_180' title='bbox 1103 1756 1291 1802; x_wconf 83' lang='lat' dir='ltr'>foeditas</span> <span class='ocrx_word' id='word_1_181' title='bbox 1330 1767 1421 1802; x_wconf 85' lang='lat' dir='ltr'>erat</span> <span class='ocrx_word' id='word_1_182' title='bbox 1441 1787 1456 1811; x_wconf 91' lang='lat'><strong>,</strong></span> 
     </span>
     <span class='ocr_line' id='line_1_24' title="bbox 174 1827 1455 1881; baseline 0 -8"><span class='ocrx_word' id='word_1_183' title='bbox 174 1840 287 1875; x_wconf 86' lang='lat' dir='ltr'>tanta</span> <span class='ocrx_word' id='word_1_184' title='bbox 315 1829 546 1876; x_wconf 88' lang='lat' dir='ltr'>oculorum</span> <span class='ocrx_word' id='word_1_185' title='bbox 571 1829 646 1875; x_wconf 85' lang='lat' dir='ltr'>sub</span> <span class='ocrx_word' id='word_1_186' title='bbox 672 1829 821 1876; x_wconf 87' lang='lat' dir='ltr'>fronte</span> <span class='ocrx_word' id='word_1_187' title='bbox 851 1829 954 1874; x_wconf 82' lang='lat' dir='ltr'>anili</span> <span class='ocrx_word' id='word_1_188' title='bbox 981 1827 1208 1875; x_wconf 81' lang='lat' dir='ltr'>latentium</span> <span class='ocrx_word' id='word_1_189' title='bbox 1235 1827 1421 1874; x_wconf 83' lang='lat' dir='ltr'>torvitas</span> <span class='ocrx_word' id='word_1_190' title='bbox 1440 1861 1455 1881; x_wconf 91' lang='lat'>‚</span> 
     </span>
     <span class='ocr_line' id='line_1_25' title="bbox 174 1902 1459 1966; baseline -0.003 -15"><span class='ocrx_word' id='word_1_191' title='bbox 174 1917 290 1951; x_wconf 85' lang='lat' dir='ltr'>tanta</span> <span class='ocrx_word' id='word_1_192' title='bbox 319 1903 468 1966; x_wconf 82' lang='lat' dir='ltr'>capitis</span> <span class='ocrx_word' id='word_1_193' title='bbox 494 1903 707 1960; x_wconf 84' lang='lat' dir='ltr'>destituti,</span> <span class='ocrx_word' id='word_1_194' title='bbox 730 1917 773 1949; x_wconf 86' lang='lat' dir='ltr'>et</span> <span class='ocrx_word' id='word_1_195' title='bbox 799 1903 1082 1950; x_wconf 76' lang='lat' dir='ltr'>emendicatis</span> <span class='ocrx_word' id='word_1_196' title='bbox 1113 1902 1274 1963; x_wconf 83' lang='lat' dir='ltr'>capillis</span> <span class='ocrx_word' id='word_1_197' title='bbox 1305 1902 1459 1964; x_wconf 79' lang='lat' dir='ltr'>aspersi</span> 
     </span>
     <span class='ocr_line' id='line_1_26' title="bbox 171 1975 1461 2033; baseline 0.001 -12"><span class='ocrx_word' id='word_1_198' title='bbox 171 1975 437 2023; x_wconf 82' lang='lat' dir='ltr'>deformitas.</span> <span class='ocrx_word' id='word_1_199' title='bbox 463 1977 605 2023; x_wconf 87' lang='lat' dir='ltr'>adiice</span> <span class='ocrx_word' id='word_1_200' title='bbox 630 1977 838 2023; x_wconf 72' lang='lat' dir='ltr'>obsessam</span> <span class='ocrx_word' id='word_1_201' title='bbox 871 1976 969 2022; x_wconf 87' lang='lat' dir='ltr'>setis</span> <span class='ocrx_word' id='word_1_202' title='bbox 998 1977 1216 2023; x_wconf 85' lang='lat' dir='ltr'>cervicem</span> <span class='ocrx_word' id='word_1_203' title='bbox 1248 2011 1261 2033; x_wconf 90' lang='lat'><strong>‚</strong></span> <span class='ocrx_word' id='word_1_204' title='bbox 1292 1987 1336 2022; x_wconf 92' lang='lat' dir='ltr'>et</span> <span class='ocrx_word' id='word_1_205' title='bbox 1362 1977 1461 2022; x_wconf 81' lang='lat' dir='ltr'>exi-</span> 
     </span>
     <span class='ocr_line' id='line_1_27' title="bbox 169 2048 1460 2110; baseline 0.001 -16"><span class='ocrx_word' id='word_1_206' title='bbox 169 2049 334 2096; x_wconf 81' lang='lat' dir='ltr'>litatem</span> <span class='ocrx_word' id='word_1_207' title='bbox 360 2066 562 2106; x_wconf 88' lang='lat' dir='ltr'>crurum,</span> <span class='ocrx_word' id='word_1_208' title='bbox 582 2062 625 2096; x_wconf 87' lang='lat' dir='ltr'>et</span> <span class='ocrx_word' id='word_1_209' title='bbox 644 2050 948 2094; x_wconf 84' lang='lat' dir='ltr'>enormitatem</span> <span class='ocrx_word' id='word_1_210' title='bbox 977 2050 1153 2110; x_wconf 86' lang='lat' dir='ltr'>pedum.</span> <span class='ocrx_word' id='word_1_211' title='bbox 1194 2048 1460 2095; x_wconf 80' lang='lat' dir='ltr'>Immensum</span> 
     </span>
     <span class='ocr_line' id='line_1_28' title="bbox 170 2121 1457 2194; baseline -0.001 -25"><span class='ocrx_word' id='word_1_212' title='bbox 170 2121 258 2178; x_wconf 80' lang='lat' dir='ltr'>est,</span> <span class='ocrx_word' id='word_1_213' title='bbox 277 2122 307 2169; x_wconf 84' lang='lat' dir='ltr'>si</span> <span class='ocrx_word' id='word_1_214' title='bbox 327 2124 461 2171; x_wconf 85' lang='lat' dir='ltr'>velim</span> <span class='ocrx_word' id='word_1_215' title='bbox 482 2123 645 2187; x_wconf 80' lang='lat' dir='ltr'>singula</span> <span class='ocrx_word' id='word_1_216' title='bbox 665 2123 844 2194; x_wconf 75' lang='lat' dir='ltr'>referre,</span> <span class='ocrx_word' id='word_1_217' title='bbox 869 2140 945 2184; x_wconf 86' lang='lat' dir='ltr'>per</span> <span class='ocrx_word' id='word_1_218' title='bbox 963 2139 1072 2185; x_wconf 85' lang='lat' dir='ltr'>quae</span> <span class='ocrx_word' id='word_1_219' title='bbox 1094 2122 1137 2167; x_wconf 77' lang='lat' dir='ltr'>in</span> <span class='ocrx_word' id='word_1_220' title='bbox 1157 2135 1299 2183; x_wconf 81' lang='lat' dir='ltr'>patres</span> <span class='ocrx_word' id='word_1_221' title='bbox 1323 2138 1457 2169; x_wconf 87' lang='lat' dir='ltr'>avos-</span> 
     </span>
     <span class='ocr_line' id='line_1_29' title="bbox 170 2194 1458 2257; baseline 0.002 -17"><span class='ocrx_word' id='word_1_222' title='bbox 170 2196 256 2257; x_wconf 85' lang='lat' dir='ltr'>que</span> <span class='ocrx_word' id='word_1_223' title='bbox 280 2195 381 2242; x_wconf 88' lang='lat' dir='ltr'>suos</span> <span class='ocrx_word' id='word_1_224' title='bbox 410 2196 749 2242; x_wconf 85' lang='lat' dir='ltr'>contumeliosus</span> <span class='ocrx_word' id='word_1_225' title='bbox 778 2196 888 2250; x_wconf 79' lang='lat' dir='ltr'>fuit,</span> <span class='ocrx_word' id='word_1_226' title='bbox 913 2211 991 2256; x_wconf 78' lang='lat' dir='ltr'>per</span> <span class='ocrx_word' id='word_1_227' title='bbox 1017 2211 1127 2256; x_wconf 78' lang='lat' dir='ltr'>quae</span> <span class='ocrx_word' id='word_1_228' title='bbox 1147 2196 1193 2240; x_wconf 85' lang='lat' dir='ltr'>in</span> <span class='ocrx_word' id='word_1_229' title='bbox 1229 2194 1458 2242; x_wconf 82' lang='lat' dir='ltr'>universos</span> 
     </span>
     <span class='ocr_line' id='line_1_30' title="bbox 170 2266 1459 2332; baseline 0.002 -20"><span class='ocrx_word' id='word_1_230' title='bbox 170 2267 379 2313; x_wconf 88' lang='lat' dir='ltr'>ordines:</span> <span class='ocrx_word' id='word_1_231' title='bbox 408 2285 458 2315; x_wconf 85' lang='lat' dir='ltr'>ea</span> <span class='ocrx_word' id='word_1_232' title='bbox 495 2268 680 2315; x_wconf 76' lang='lat' dir='ltr'>referam</span> <span class='ocrx_word' id='word_1_233' title='bbox 702 2305 713 2325; x_wconf 96' lang='lat'>,</span> <span class='ocrx_word' id='word_1_234' title='bbox 748 2285 859 2332; x_wconf 84' lang='lat' dir='ltr'>quae</span> <span class='ocrx_word' id='word_1_235' title='bbox 893 2267 1013 2313; x_wconf 81' lang='lat' dir='ltr'>illum</span> <span class='ocrx_word' id='word_1_236' title='bbox 1053 2266 1189 2313; x_wconf 79' lang='lat' dir='ltr'>exitio</span> <span class='ocrx_word' id='word_1_237' title='bbox 1228 2267 1459 2314; x_wconf 82' lang='lat' dir='ltr'>dederunt.</span> 
     </span>
     <span class='ocr_line' id='line_1_31' title="bbox 174 2340 1456 2404; baseline 0 -19"><span class='ocrx_word' id='word_1_238' title='bbox 174 2340 407 2387; x_wconf 79' lang='lat' dir='ltr'>Asiaticum</span> <span class='ocrx_word' id='word_1_239' title='bbox 439 2341 661 2387; x_wconf 80' lang='lat' dir='ltr'>Valerium</span> <span class='ocrx_word' id='word_1_240' title='bbox 698 2342 741 2386; x_wconf 86' lang='lat' dir='ltr'>in</span> <span class='ocrx_word' id='word_1_241' title='bbox 777 2341 932 2404; x_wconf 79' lang='lat' dir='ltr'>primis</span> <span class='ocrx_word' id='word_1_242' title='bbox 961 2340 1113 2387; x_wconf 79' lang='lat' dir='ltr'>amicis</span> <span class='ocrx_word' id='word_1_243' title='bbox 1146 2340 1327 2386; x_wconf 81' lang='lat' dir='ltr'>habebat</span> <span class='ocrx_word' id='word_1_244' title='bbox 1349 2372 1364 2394; x_wconf 76' lang='grc'>,</span> <span class='ocrx_word' id='word_1_245' title='bbox 1391 2340 1456 2386; x_wconf 85' lang='lat' dir='ltr'>fe-</span> 
     </span>
     <span class='ocr_line' id='line_1_32' title="bbox 153 2412 1455 2476; baseline 0.002 -19"><span class='ocrx_word' id='word_1_246' title='bbox 153 2427 320 2459; x_wconf 88' lang='lat' dir='ltr'>·rocem</span> <span class='ocrx_word' id='word_1_247' title='bbox 349 2413 494 2461; x_wconf 83' lang='lat' dir='ltr'>virum</span> <span class='ocrx_word' id='word_1_248' title='bbox 511 2447 526 2473; x_wconf 85' lang='lat'>‚</span> <span class='ocrx_word' id='word_1_249' title='bbox 562 2426 606 2461; x_wconf 89' lang='lat' dir='ltr'>et</span> <span class='ocrx_word' id='word_1_250' title='bbox 636 2413 711 2461; x_wconf 83' lang='lat' dir='ltr'>vix</span> <span class='ocrx_word' id='word_1_251' title='bbox 746 2428 890 2476; x_wconf 76' lang='lat' dir='ltr'>aequo</span> <span class='ocrx_word' id='word_1_252' title='bbox 925 2412 1074 2459; x_wconf 78' lang='lat' dir='ltr'>animo</span> <span class='ocrx_word' id='word_1_253' title='bbox 1100 2412 1265 2460; x_wconf 30' lang='lat' dir='ltr'>&#39;alienas</span> <span class='ocrx_word' id='word_1_254' title='bbox 1296 2424 1455 2460; x_wconf 64' lang='lat' dir='ltr'>contu-2</span> 
     </span>
    </p>
   </div>
  </div>
 </body>
</html>
