1741 2919
277 137 371 198 264
503 137 552 187 L,
595 136 902 189 ANNAE1
966 138 1336 188 SENECAE

274 243 414 296 huet,
443 258 525 289 nec
552 259 744 305 unquam
775 243 879 289 loco
908 242 968 289 illi
991 242 1183 290 cessurus
1209 243 1258 290 fit
1285 261 1297 289 ε
1324 259 1405 292 nec
1431 245 1562 293 habet

273 319 350 364 ubi
370 318 488 364 illam
510 317 689 364 timeat:
709 318 814 380 quia
835 333 926 367 non
950 318 1168 381 mancipia
1186 331 1378 376 tantum,
1398 319 1563 382 posses-

274 390 530 452 sionesque,
550 404 592 438 et
612 390 869 454 dignitatem
885 427 898 449 ,
922 391 992 437 sed
1019 408 1183 454 corpus
1202 408 1383 454 quoque
1403 392 1524 438 suum
1546 426 1562 449 ,

274 477 320 508 et
346 462 531 519 oculos,
556 474 599 509 et
619 479 792 508 manum
808 498 823 519 ‚
850 476 893 509 et
913 462 1127 527 quidquid
1151 463 1216 509 est
1242 464 1457 510 cariorem
1487 463 1562 510 vi-

273 545 363 580 tam
386 532 598 580 feeiur-um
615 568 629 588 ‚
660 534 789 598 seque
813 535 952 597 ipsum
980 536 1095 583 inter
1120 535 1315 598 precaria
1339 547 1562 594 numerat,

274 605 480 669 vivitque
510 623 559 654 ut
584 608 894 654 commodatus
915 607 1021 666 fibi,
1044 621 1087 655 et
1112 608 1443 672 reposcentibus
1471 607 1562 654 {ine

275 678 447 726 tristitia
464 681 723 737 redditurus.
746 683 841 727 Nec
860 681 962 726 ideo
991 680 1052 727 est
1071 682 1167 728 vilis
1189 682 1287 737 fibi,
1311 681 1411 743 quia
1429 680 1504 727 scit
1521 680 1562 727 se

274 750 404 796 suum
430 768 519 798 non
545 752 630 800 effe
650 774 658 798 z
678 754 750 800 sed
770 754 921 800 omnia
943 766 1032 802 tam
1052 755 1281 818 diligenter
1299 755 1450 812 faciet,
1472 765 1560 800 tam

275 822 614 885 circumspefst,
643 843 773 888 quam
802 826 1028 889 religiosus
1046 828 1186 874 homo
1217 828 1470 890 sanetusque
1488 827 1562 873 so-

274 894 337 941 let
359 896 469 941 tueri
489 894 592 943 fidei
613 898 854 945 commissa.
887 900 1261 964 Quandocumque
1288 912 1432 947 autem
1458 898 1562 945 red-

277 967 382 1013 dere
402 967 645 1026 iubebitur,
659 986 751 1016 non
767 983 974 1034 queretur
989 989 1090 1017 cum
1110 971 1310 1019 fortuna:
1330 972 1404 1018 sed
1421 972 1563 1027 dicet,

277 1041 443 1086 Gratias
471 1057 555 1104 ago
581 1060 665 1104 pro
685 1060 741 1090 eo
766 1046 889 1106 quod
915 1045 1113 1107 poffedi,
1144 1045 1373 1107 habuique.
1402 1045 1562 1107 Magna

277 1112 460 1175 quidem
491 1129 559 1159 res
586 1126 680 1160 tuas
710 1117 914 1162 mercede
947 1116 1065 1163 colui
1088 1134 1098 1162 :
1124 1117 1194 1162 sed
1223 1116 1325 1179 quia
1348 1116 1564 1177 imperas,

168 1205 173 1216 ³
219 1228 221 1230 .
275 1187 393 1233 cedo
417 1199 561 1248 gratus
583 1185 823 1247 libensque.
852 1187 882 1232 fi
908 1189 1013 1250 quid
1041 1190 1198 1236 habere
1223 1205 1293 1235 me
1312 1188 1375 1234 tui
1404 1187 1562 1234 volue-

213 1251 222 1261 ⁷
275 1257 336 1304 ris
344 1270 366 1327 e*
393 1257 525 1304 etiam
545 1252 874 1306 nuncfservabo
903 1276 913 1304 :
942 1259 972 1304 si
998 1260 1115 1306 aliud
1136 1261 1301 1322 placet,
1332 1275 1417 1322 ego
1448 1274 1562 1306 vero

276 1330 441 1378 facium
459 1329 760 1396 fignatum'q'ue
779 1346 1026 1396 argentum,
1041 1334 1243 1390 domum,
1264 1333 1561 1393 familiamque

272 1421 424 1452 meam
458 1406 626 1463 reddo,
659 1406 857 1452 restituo.
888 1408 1188 1469 Appellaverit
1226 1420 1376 1453 natura
1399 1442 1413 1463 ‚
1450 1421 1562 1468 quae

277 1477 403 1541 prior
431 1478 560 1525 nobis
586 1477 783 1535 crediditt
816 1491 859 1526 et
887 1480 990 1527 huic
1016 1481 1242 1537 dicemus,
1271 1480 1435 1542 Recipe
1464 1477 1564 1523 ani-⁴

273 1569 402 1600 mum
428 1552 657 1599 meliorem
682 1571 812 1616 quam
836 1554 988 1601 dedisti
1010 1574 1021 1602 :
1043 1572 1134 1601 non
1162 1554 1455 1618 tergiversor,
1480 1570 1562 1600 nec

273 1624 468 1688 refugio.
486 1638 682 1687 paratum
704 1627 835 1674 habes
853 1644 876 1672 a
895 1628 1095 1684 volente,
1111 1629 1233 1688 quod
1253 1644 1343 1674 non
1363 1625 1564 1674 sentienti

277 1698 604 1772 dedistiffi-aufer.
630 1701 810 1748 Reverti
833 1702 947 1748 unde
967 1702 1168 1761 veneris(
1189 1701 1293 1764 quid
1319 1717 1450 1764 grave
1470 1699 1563 1748 est?

278 1771 395 1818 male
421 1771 544 1818 vivet
559 1807 574 1829 ‚
603 1772 800 1837 quisquis
820 1771 980 1819 nesciet
998 1774 1110 1822 bene
1129 1773 1259 1822 mori.
1282 1773 1398 1822 Huic
1415 1774 1563 1835 itaque

278 1844 472 1907 primum
491 1844 555 1891 rei
575 1844 762 1906 pretium
788 1845 1107 1894 detrahendum
1129 1844 1189 1890 est
1203 1880 1216 1901 ‚
1236 1859 1279 1890 et
1299 1844 1471 1907 spiritus
1493 1844 1560 1890 in-

278 1932 348 1967 ter
367 1920 470 1966 vilia
489 1919 795 1967 numerandus.
821 1920 1098 1967 Gladiatores
1118 1919 1210 1983 (ait
1228 1918 1423 1982 Cicero)
1443 1918 1561 1964 invi-

277 1992 350 2043 sos
384 1993 621 2050 habemus,
655 1993 686 2041 si
717 1993 840 2040 omni
874 1991 1016 2039 modo
1050 1993 1188 2040 vitam
1218 1993 1452 2055 impetrare
1478 2008 1560 2039 cu-

279 2065 408 2130 piunt
427 2084 438 2112 ε
457 2066 680 2121 favemuS,
710 2066 742 2110 1⁰1
774 2077 1048 2113 contemtum
1078 2065 1168 2112 eius
1197 2082 1300 2128 prae
1329 2064 1371 2111 se
1397 2062 1560 2111 ferunt.

269 2139 393 2185 idem
413 2139 592 2186 evenire
617 2138 745 2185 nobis
773 2137 890 2186 scias.
912 2137 1035 2201 saepe
1056 2139 1173 2185 enim
1196 2138 1317 2185 causa
1338 2137 1561 2185 moriendi

277 2210 362 2269 est,
391 2210 542 2258 timide
562 2213 690 2258 mori.
717 2215 906 2259 Fortuna
938 2212 1008 2260 illa
1038 2228 1150 2275 quae
1168 2212 1298 2258 ludos
1319 2209 1397 2256 fibi
1425 2208 1561 2268 facit,
1611 2242 1614 2247 ι

277 2284 388 2342 Quo
406 2318 419 2340 ‚
449 2283 623 2347 inquit,
649 2297 690 2331 te
707 2285 925 2332 reservem
945 2319 959 2341 ‚
979 2284 1140 2331 malum
1160 2296 1203 2330 et
1221 2281 1439 2345 trepidum
1460 2281 1560 2327 ani-

279 2356 398 2403 mal?
427 2374 482 2404 eo
500 2359 636 2422 magis
658 2359 1048 2408 convulneraberis
1068 2370 1111 2405 et
1129 2355 1401 2405 confodieris
1414 2390 1428 2413 ‚
1455 2354 1560 2418 quia

277 2430 416 2481 nescis
439 2434 649 2497 praebere
672 2434 887 2501 iugulum.
914 2437 972 2483 At
999 2445 1049 2482 tu
1074 2443 1118 2482 et
1140 2431 1266 2483 vives
1292 2430 1481 2492 diutius,
1514 2439 1558 2476 et
