1741 2919
281 159 370 236 1'36
522 175 585 244 v1„
623 173 928 220 ANNAffl
980 175 1342 222 SENECAE

273 282 318 330 in
339 301 435 345 quo
451 299 607 330 omnes
626 282 922 331 solicitudines
949 301 1067 331 meas
1096 284 1312 347 deposui?
1332 285 1407 332 ubi
1427 284 1570 333 collo-

271 357 376 419 quia
387 392 401 413 ,7
414 373 604 417 quorum
622 355 896 419 inexplebilis
910 373 1026 403 eram
1045 357 1061 404 ?
1082 357 1156 404 ubi
1171 357 1308 405 studia
1319 394 1331 416 ,
1345 359 1503 421 quibus
1520 357 1568 404 li-

275 429 449 477 bentius
469 440 600 492 qnam
621 428 785 476 femina
798 461 812 484 ‚
825 429 1081 477 familiarius
1100 447 1232 492 quam
1251 443 1387 478 mater
1401 466 1415 488 ‚
1434 432 1569 482 intere

274 521 394 551 eram
412 503 429 550 ἓ
456 503 532 550 ubi
550 503 623 550 ille
639 503 876 551 occursus?
904 503 981 550 ubi
999 517 1138 549 matre
1159 503 1247 550 visa
1265 504 1432 565 semper
1457 520 1568 567 pue-

274 578 364 626 rilis
384 576 602 625 hilaritas?
627 577 793 625 Adiicis
814 576 902 623 istis
922 575 1022 623 loca
1047 577 1137 639 ipsa
1163 577 1506 641 gratulationum
1525 588 1569 625 et

275 651 566 699 conviffilum
586 687 603 708 ,
621 665 687 708 et,
709 664 759 697 ut
778 649 948 697 neceffe
974 648 1035 696 est
1051 686 1064 707 ‚
1081 650 1388 698 efficacissimas
1407 651 1463 697 ad
1486 667 1569 698 ve-

275 726 445 773 xandos
459 724 630 771 animos
644 723 830 771 recentis
842 722 1190 771 conversationis
1204 740 1341 772 notas.
1351 726 1465 771 Nam
1479 724 1570 773 hoc

277 815 464 861 quoque
495 795 704 844 adversus
735 798 778 843 t'e
807 796 1045 843 crudeliter
1074 795 1253 843 fortuna
1285 797 1437 844 molita
1470 797 1532 844 est
1555 833 1571 856 ,

277 873 402 935 quod
435 883 476 917 te
507 882 606 916 ante
634 868 808 916 tertium
835 869 1013 915 demum
1046 867 1163 913 diem
1192 885 1321 931 quam
1349 869 1571 931 percussus
1629 903 1632 908 -

277 946 371 994 sum
383 978 397 999 ,
411 945 625 999 securam,
643 959 725 989 nec
739 941 982 1005 quidquam
997 940 1081 987 tale
1097 954 1382 1000 metuentem,
1395 943 1568 1006 regredi

279 1021 437 1069 voluit.
457 1021 571 1066 bene
587 1033 669 1063 nos
682 1015 978 1078 longinquitas
989 1014 1198 1060 locorum
1219 1015 1425 1063 diviserat
1439 1033 1448 1062 :
1462 1017 1570 1062 bene

280 1095 458 1156 aliquot
483 1104 705 1136 annorum
731 1087 921 1134 absentia
946 1087 1048 1135 huic
1069 1099 1111 1134 te
1138 1088 1256 1133 malo
1279 1105 1570 1152 praeparave-

277 1181 373 1215 rat:
395 1162 570 1219 redisti,
591 1177 684 1207 non
705 1172 752 1206 ut
782 1160 1059 1223 voluptatem
1087 1176 1143 1207 ex
1170 1159 1265 1207 filio
1292 1161 1570 1224 perciperes,

277 1241 353 1288 sed
381 1257 436 1286 ne
466 1234 828 1285 consuetudinem
862 1234 1060 1280 desiderii
1092 1235 1308 1297 perderes.
1351 1233 1395 1281 Si
1427 1236 1569 1283 multo

279 1327 381 1362 ante
410 1309 640 1365 abi'niffes,
675 1308 834 1355 fortius
857 1307 1019 1355 tuliffes
1036 1343 1049 1366 ‚
1075 1308 1172 1370 ipso
1196 1308 1428 1355 intervallo
1456 1309 1570 1356 defi-

281 1388 452 1435 derium
480 1383 741 1431 molliente:
764 1383 793 1427 fi
819 1398 910 1428 non
932 1381 1191 1437 receffisses‚
1222 1381 1428 1429 ultimum
1453 1394 1572 1430 certe

276 1463 468 1510 {melum
499 1458 637 1504 biduo
663 1455 825 1502 diutius
852 1454 1037 1502 videndi
1068 1453 1205 1501 filium
1230 1454 1404 1502 tulisses.
1438 1456 1570 1503 Nunc

277 1533 456 1584 crudele
481 1531 618 1577 farum
645 1529 705 1576 ita
737 1526 1012 1590 composuit,
1038 1539 1086 1574 ut
1115 1544 1195 1574 nec
1218 1526 1420 1574 fortunae
1447 1545 1570 1576 meae

279 1605 504 1656 interesses
521 1639 535 1660 ‚
562 1620 644 1650 nec
664 1599 878 1648 absentiae
899 1599 1171 1647 assuesceres.
1204 1601 1288 1647 Sed
1309 1616 1474 1664 quanto
1493 1601 1570 1650 ista

281 1685 463 1731 duriora
482 1679 578 1726 sunt
593 1715 606 1736 ‚
632 1690 758 1724 tanto
784 1675 925 1721 maior
944 1674 1022 1722 tibi
1047 1673 1187 1723 virtus
1211 1676 1470 1722 advocanda
1486 1676 1571 1735 est,

281 1769 326 1802 et
346 1754 469 1800 velut
492 1768 593 1798 cum
614 1748 735 1796 hoste
765 1760 898 1805 noto,
926 1765 976 1795 ac
1001 1747 1123 1809 saepe
1150 1747 1236 1793 iam
1256 1748 1405 1804 viiio,
1429 1749 1571 1796 acrius

279 1830 344 1878 est
365 1825 761 1891 congrediendum.
780 1825 886 1870 Non
907 1841 961 1869 ex
983 1824 1147 1869 intach)
1168 1839 1358 1885 corpore
1378 1837 1457 1868 tuo
1475 1823 1568 1870 san-

281 1903 378 1969 gnis
404 1901 476 1947 hic
506 1900 635 1946 fluxit
657 1915 666 1945 ε
687 1915 764 1961 ρει·
784 1898 894 1959 ipsas
915 1897 1138 1943 cicatrices
1160 1896 1354 1959 percussa
1374 1912 1433 1943 es.

348 1977 473 2022 XVl.
520 1976 625 2019 Non
652 1972 712 2018 est
743 1971 863 2032 qnod
895 1969 1026 2016 utaris
1059 1968 1338 2016 excusatione
1370 1968 1566 2015 nominis

281 2045 536 2102 muliebris,
570 2043 638 2091 cui
670 2059 805 2105 paene
844 2039 1096 2088 conceffitm
1130 2038 1190 2087 est
1220 2038 1566 2086 immoderatum

279 2122 327 2168 in
353 2119 552 2167 lacrimas
578 2118 667 2173 ius,
689 2133 780 2162 non
807 2114 1066 2161 immensum
1087 2124 1231 2159 tamen
1252 2130 1262 2158 z
1292 2128 1336 2160 et
1354 2112 1457 2159 ideo
1477 2130 1570 2159 ma-

279 2195 398 2249 iores
426 2194 581 2238 decem
609 2189 817 2236 mensium
846 2186 1028 2251 spatium
1060 2186 1306 2248 lugentibus
1338 2186 1462 2233 viros
1488 2187 1568 2234 de-

276 2268 465 2322 derunt,
488 2276 535 2310 ut
565 2280 665 2309 cum
689 2261 925 2325 pertinacia
959 2259 1184 2307 muliebris
1207 2260 1427 2307 moeroris
1456 2260 1568 2322 pub-

278 2341 363 2387 lica
391 2337 703 2386 constitutione
721 2336 987 2382 deciderent.
1010 2351 1102 2380 non
1125 2333 1453 2396 prohibuerunt
1471 2334 1567 2381 luc-

278 2431 347 2462 tus
364 2449 377 2467 ‚
410 2415 480 2460 sed
508 2412 726 2458 finierunt.
758 2413 872 2457 Nam
895 2422 937 2455 et
959 2408 1134 2456 infinito
1157 2409 1313 2456 dolore
1328 2443 1343 2468 ‚
1367 2425 1467 2456 cum
1489 2409 1570 2455 ali-

275 2503 411 2552 quem
433 2502 488 2535 ex
518 2484 741 2542 cariffimis
770 2481 989 2540 amiseris,
1021 2481 1162 2543 affici,
1186 2480 1311 2530 stulta
1339 2480 1568 2543 indulgene
