1741 2919
258 218 275 222 -
331 175 435 222 DE
474 175 518 220 L.
562 170 881 220 ANNAEO
922 173 1234 220 SENECA
1364 186 1430 219 xv

147 285 254 331 dum
287 299 406 330 anno
430 298 579 346 1522,
617 281 658 329 8.
689 281 883 343 Lipsius,
917 297 1018 328 cum
1046 279 1124 328 vix
1155 280 1201 327 in
1233 279 1433 343 primum

148 363 280 412 caput
313 347 413 395 libri
449 347 583 410 primi
622 337 795 394 Scholia
829 345 1113 402 confecisset,
1149 347 1309 393 morbo
1343 345 1432 392 im-

149 413 324 477 peditus
351 429 376 459 a
393 412 626 461 scribendo
654 411 885 469 abstinuit,
906 413 956 457 δε
984 412 1072 459 hoc
1095 428 1207 474 opus
1228 428 1312 458 una
1331 427 1434 458 cum

150 479 357 543 sequente
392 477 483 524 aliis
517 476 816 535 illustrandum
842 476 1036 539 reliquit.

223 545 293 608 15.
334 538 733 590 Ἀποκθλθκῦντωσῑς,
784 540 875 587 five
913 541 1039 588 ludus
1079 550 1090 571 ¹
1118 541 1164 588 in
1201 540 1437 588 Claudium

149 610 258 671 Imp.
299 605 452 669 Satyra
480 604 738 668 lepidissima
769 615 787 636 2
813 606 1049 669 Menippea
1068 642 1080 665 ‚
1107 605 1224 654 notis
1265 606 1440 654 illustra-

152 688 197 721 ta
231 689 255 718 a
279 672 326 717 B.
355 671 598 725 Rhenano,
623 670 731 717 Adr.
764 670 923 729 Iunio,
956 674 1061 717 Iano
1087 673 1283 719 Grutero
1301 707 1314 731 ,
1340 672 1441 720 Nic.

156 737 297 784 Fabro
316 771 330 794 ,
355 735 535 783 Liberto
560 738 822 783 Fromondo
838 772 852 795 ‚
877 737 1002 799 Casp.
1021 738 1223 793 barthio,
1243 741 1306 785 Io.
1326 738 1441 787 Frid.

157 799 404 849 Gronovio
432 801 523 847 δίε.
553 803 670 846 Milzi
695 802 844 862 Caesar
861 803 898 848 is
929 820 1038 847 unus
1052 807 1346 863 propemodum
1370 806 1441 850 Se-

155 886 275 913 necae
294 868 430 927 pluris
467 867 518 933 cst
539 901 552 923 ,
579 885 704 927 quam
740 867 876 911 canai
909 869 1095 927 Caesares
1130 868 1256 931 ipsius
1291 870 1443 928 Caesa-

156 937 212 979 ris
238 932 438 986 Iuliani,
467 931 612 994 inquit
641 931 857 978 Vavaffor
883 949 925 994 p.
947 935 1053 991 246.
1082 933 1136 979 de
1161 934 1325 981 ludicra
1347 935 1443 983 dic-

156 997 294 1045 tione.
322 998 493 1042 Primus
524 997 568 1041 in
601 996 839 1043 Germania
876 1007 889 1037 3
916 997 1109 1060 reperit,
1145 999 1368 1063 ediditque
1391 1002 1444 1048 δε

157 1061 339 1110 scholiis
382 1060 608 1107 illustravit
648 1063 807 1108 Beatus
838 1064 1071 1109 Rhenanus
1106 1063 1222 1110 inter
1259 1065 1445 1113 Senecae

158 1144 293 1190 opera
310 1126 365 1172 ab
386 1126 567 1173 Erasmo
585 1126 790 1173 recensita
816 1126 935 1174 Basil.
952 1145 989 1175 a.
1019 1145 1068 1192 15
1086 1145 1154 1193 15.
1174 1128 1250 1176 fol.
1274 1131 1322 1177 &
1342 1148 1445 1178 cum

159 1191 326 1255 synesii
355 1191 481 1237 laude
499 1191 713 1247 calvitiei,
742 1195 805 1237 Io.
825 1195 958 1238 Phrea
978 1194 1213 1256 interprete
1233 1231 1245 1252 ‚
1271 1197 1447 1256 Erasmi

159 1258 286 1304 laude
319 1258 525 1315 Moriae,
564 1258 767 1303 Gerlzardi
803 1260 939 1324 Listrii
973 1259 1175 1304 illustrata
1209 1261 1352 1318 notis,
1379 1276 1446 1307 at-

159 1339 246 1386 que
281 1322 501 1385 praeclara
536 1322 733 1368 eiusdem
766 1324 931 1369 Erasini
952 1324 1143 1386 Epistola
1174 1326 1448 1388 apologetica

162 1387 217 1433 ad
236 1387 477 1433 Martinum
511 1386 738 1448 Dorpium
757 1424 771 1445 ,
795 1389 915 1434 Bafil.
959 1407 972 1434 ι
993 1407 1106 1453 519,
1133 1408 1176 1449 4.
1205 1392 1255 1437 &
1275 1391 1448 1453 separa-

161 1451 242 1498 tim
267 1469 352 1516 152
365 1469 403 1509 1,
419 1452 525 1515 &15
540 1467 602 1516 51,
618 1453 659 1498 8.
679 1455 807 1498 Dan.
826 1454 991 1514 Heinfii
1011 1455 1249 1502 dissertatio
1263 1457 1316 1502 ad
1337 1458 1451 1504 hunc

161 1516 358 1564 libellum
379 1517 535 1580 legitur
554 1516 652 1581 post
673 1519 765 1567 eius
783 1518 1020 1566 Orationes
1039 1522 1179 1584 Lugd.
1197 1522 1288 1569 Bat.
1315 1526 1451 1584 1627,

224 1659 240 1685 1
268 1646 423 1695 Ludus,
446 1646 470 1686 i.
499 1659 530 1686 ea
560 1646 711 1698 satyra,
738 1662 773 1688 v.

165 1700 264 1740 Dan.
306 1700 505 1741 Heinfium
534 1701 573 1739 in
596 1700 696 1741 libro
728 1703 776 1742 de

168 1755 304 1805 Satyra
331 1755 557 1795 Horatiana.

844 1659 1061 1701 acceperat,
1072 1652 1176 1692 unde
1192 1652 1343 1694 boletos
1355 1659 1456 1697 Deo-

843 1720 916 1743 rum
940 1707 1050 1744 cibum
1073 1707 1220 1747 Graeco
1245 1711 1453 1759 proverbio

846 1758 1066 1799 collaudare
1082 1760 1237 1801 solitum
1256 1765 1455 1807 Neronem

223 1822 245 1847 2
258 1810 433 1860 Satyram
447 1809 701 1861 Menippeam
712 1824 778 1850 vo-

169 1875 302 1902 camus
319 1893 330 1912 ,
348 1876 424 1913 quo
450 1877 587 1914 genere
611 1864 779 1904 scriben-

169 1917 210 1955 di
226 1917 394 1967 primum
406 1918 506 1956 inter
517 1919 674 1958 Latinos
689 1919 777 1958 usus

169 1970 224 2010 est
264 1972 468 2012 Terentius
505 1973 653 2022 Varro,
688 1986 779 2012 curn

171 2024 286 2076 prosa
310 2026 433 2065 oratio
450 2028 621 2077 Satyrica
643 2028 780 2078 passim

171 2079 339 2123 verlibus
383 2079 636 2132 brevibusque
674 2081 782 2121 velut

173 2134 409 2173 carminibus
453 2143 638 2185 tanquam
677 2150 781 2187 gem-

175 2187 290 2227 mulis
316 2188 567 2239 distinguitur.
594 2190 711 2230 Porro
735 2192 783 2229 ti-

174 2241 278 2281 tulus
294 2243 451 2293 Satyrae
472 2244 786 2285 ἀποκολοκὺντω-

177 2309 240 2335 σις
274 2297 478 2347 exponitur
507 2312 528 2336 a
554 2298 679 2337 Dione
716 2298 783 2338 lib.

176 2348 230 2388 60
260 2359 354 2389 extr.
380 2351 583 2402 innuitque
611 2353 787 2392 ἀποδέω-

177 2416 239 2443 σιν
255 2402 416 2444 Claudio
431 2413 583 2456 partam
598 2419 666 2456 per
680 2406 788 2446 esum

846 1814 962 1852 refert
986 1815 1191 1855 Suetonius
1213 1830 1244 1857 c,
1267 1831 1324 1870 33.
1351 1834 1386 1860 v.
1407 1823 1455 1862 de

845 1867 960 1906 titulo
975 1870 1132 1919 Satyrae
1152 1870 1306 1910 Iunium
1325 1875 1458 1915 Anim-

847 1923 933 1961 adv.
958 1937 989 1971 ι,
1011 1937 1070 1970 17.
1093 1923 1251 1964 Librum
1282 1928 1330 1966 de
1354 1943 1457 1969 mor-

846 1985 885 2015 te
909 1975 1059 2016 Claudii
1085 1987 1200 2018 vocat
1226 1981 1455 2024 Guilielmus

846 2030 1199 2072 malmesburiensis
1224 2035 1288 2074 IV.
1323 2037 1370 2076 cle
1395 2052 1459 2089 ge·

849 2085 909 2124 stis
926 2085 1157 2125 Pontificum
1182 2089 1393 2140 Anglorum
1418 2107 1457 2143 p.

851 2139 940 2192 283.
975 2140 1041 2179 ubi
1080 2154 1127 2180 ex
1155 2143 1300 2183 Seneca
1342 2147 1461 2186 refert

850 2193 1037 2233 Barbaros
1067 2195 1106 2233 in
1128 2196 1323 2238 Britannia
1354 2202 1389 2239 Sc
1419 2202 1459 2241 in

850 2247 1040 2287 honorem
1066 2250 1146 2287 eius
1172 2252 1375 2292 civitatem
1399 2268 1460 2295 ae-

852 2301 1019 2341 dificaffe
1046 2302 1308 2346 Glocestriam.

911 2370 927 2408 3
952 2357 1051 2396 Vide
1079 2357 1276 2399 Erasmum
1304 2362 1345 2400 in
1371 2364 1460 2403 ada-

854 2410 916 2460 gio
952 2410 1001 2459 L,
1040 2424 1086 2463 3,
1122 2426 1153 2452 1.
1183 2427 1244 2453 aut
1264 2430 1371 2469 regem
1397 2430 1459 2458 aut

179 2454 303 2496 boleti
345 2458 417 2498 slve
453 2459 708 2510 κολοκύντου,
746 2462 787 2499 in
844 2464 990 2518 flatuum
1023 2467 1121 2521 nasci
1153 2481 1315 2521 oportere,

183 2521 260 2559 quo
281 2511 357 2554 cibi
382 2525 520 2566 genere
540 2527 732 2556 venenum
757 2516 807 2555 is·
