1741 2919
310 134 398 181 162
565 135 613 180 L.
656 128 951 179 ANNAEI
992 132 1338 179 SENECAE
1390 156 1392 159 ·

305 241 548 306 populique
565 257 667 288 cum
686 241 886 305 gentibus
906 241 1045 289 tulere
1074 239 1377 288 fatum‘suum.
1396 243 1594 302 Omnes,³

304 316 447 362 immo
461 317 613 362 omnia
627 315 672 360 in
692 314 900 362 ultimum
912 314 1029 362 diem
1047 313 1249 377 spectant.
1264 331 1356 361 non
1374 315 1491 362 idem
1505 315 1595 362 uni-

305 388 440 436 versis
468 387 568 436 finis
597 387 672 435 est.
711 388 858 435 Alium
887 388 933 434 in
959 388 1109 435 medio
1137 388 1265 435 cursu
1292 388 1383 437 vita
1410 389 1595 450 deserit,

305 463 439 509 alium
466 463 511 509 in
538 463 636 526 ipso
661 461 779 509 aditu
803 463 1012 526 relinquit
1034 498 1047 521 ,
1078 462 1208 510 alium
1235 462 1280 508 in
1311 479 1504 510 extrema
1529 465 1594 512 se-

305 537 480 584 neclute
508 535 738 599 fatigatum
763 535 848 583 iam
871 549 914 583 et
940 535 1059 584 exire
1086 536 1334 600 cupientem
1361 537 1441 586 vix
1467 538 1593 586 emit-

304 613 357 659 tit
380 628 394 655 r
413 612 501 658 alio
532 611 711 674 quidem
738 622 866 673 atque
889 611 978 658 alio
1008 622 1231 674 tempore,
1262 628 1417 659 omnes
1445 624 1594 661 tamen

304 686 350 733 in
370 686 558 733 eundem
579 684 729 731 locum
750 685 985 733 tendimus.
1015 688 1234 733 Utrumne
1253 686 1421 734 stultius
1444 686 1493 733 fit
1511 705 1594 735 ne-

305 759 397 806 scio
412 794 425 817 ,
455 758 729 805 mortalitatis
753 758 894 824 legem
918 760 1149 823 ignorare,
1179 778 1231 806 an
1262 761 1559 823 impudentius
1579 798 1594 819 ‚

307 834 521 882 recusare.
542 833 746 897 Agedum
770 834 840 881 illa
865 852 976 899 quae
1006 835 1148 882 multo
1180 835 1343 899 ingenii
1363 836 1424 883 tui
1443 836 1596 901 labore

307 908 521 958 celebrata
549 908 669 967 sunt,
694 908 739 954 in
769 926 922 956 manus
945 909 1064 956 sume
1081 945 1096 968 ,
1132 909 1378 956 utriuslibet
1404 910 1595 958 auaoris

307 983 503 1032 carmina
519 990 664 1047 :quae
690 996 738 1031 tu
757 983 816 1031 ita
838 984 1076 1040 resolvisti,
1096 999 1144 1031 ut
1167 985 1371 1048 quamvis
1390 982 1596 1031 struCtura

307 1059 485 1105 illorum
513 1058 755 1117 recesserit,
784 1072 1036 1122 permaneat
1054 1071 1199 1106 tamen
1218 1058 1364 1123 gratia.
1384 1058 1453 1105 Sic
1476 1058 1596 1106 enim

308 1130 380 1176 illa
405 1148 459 1177 ex
477 1131 558 1176 alia
577 1128 723 1194 lingua
751 1130 795 1177 in
815 1131 941 1178 aliam
967 1131 1217 1179 transtulisti
1233 1169 1246 1191 ‚
1272 1144 1319 1178 ut
1346 1133 1493 1195 (quod
1512 1131 1598 1178 dif-

308 1204 556 1252 ficillimum
574 1207 688 1269 erat)
706 1223 862 1255 omnes
887 1207 1074 1255 virtutes
1094 1207 1140 1255 in
1163 1207 1346 1254 alienam
1367 1220 1410 1254 te
1428 1207 1597 1253 oratio«

309 1297 411 1326 nem
443 1279 611 1326 secutae
639 1279 732 1327 sint.
772 1280 931 1328 Nullus
965 1282 1049 1328 erit
1078 1281 1124 1329 in
1149 1281 1232 1327 illis
1268 1280 1438 1343 scriptis
1462 1280 1596 1336 liber,

308 1351 388 1414 qui
417 1368 508 1396 non
535 1352 722 1414 plurima
752 1352 972 1400 varietatis
994 1354 1209 1401 humanae
1237 1352 1598 1414 incertorumque

311 1426 485 1474 casuum
505 1438 548 1474 et
569 1427 846 1475 lacrimarum
865 1465 878 1485 ‚
902 1446 958 1476 ex
985 1428 1066 1476 alia
1093 1441 1223 1492 atque
1252 1427 1332 1475 alia
1357 1428 1479 1476 causa
1511 1428 1597 1475 flu·-

311 1501 506 1558 emium,
527 1501 731 1564 exempla
755 1500 835 1547 tibi
853 1502 1066 1566 suggerat.
1096 1506 1238 1566 Lege,
1261 1513 1426 1565 quanto
1446 1501 1598 1564 spiritu

313 1573 562 1636 ingentibus
580 1575 824 1622 intonueris
844 1575 997 1623 rebus:
1015 1575 1199 1639 pudebit
1213 1587 1253 1622 te
1269 1574 1413 1622 subito
1432 1575 1596 1624 defice-

310 1666 383 1704 re,
414 1661 459 1696 et
484 1667 537 1695 ex
564 1660 681 1695 tanta
710 1647 924 1695 orationis
952 1647 1254 1711 magnitudine
1280 1647 1495 1696 decidere.
1529 1651 1598 1698 Ne

313 1723 620 1782 commiseris,
649 1735 696 1770 ut
719 1723 916 1787 quisquis
943 1723 1167 1785 extemplo
1193 1739 1243 1769 ac
1274 1722 1416 1768 modo
1439 1721 1599 1786 scripta

311 1808 387 1841 tua
409 1794 669 1854 mirabatur,
703 1806 882 1858 quaerat
910 1795 1145 1857 quomodo
1168 1810 1257 1841 tam
1283 1794 1461 1858 grandia
1480 1810 1598 1842 tam-

312 1885 401 1931 que
420 1867 558 1914 solida
577 1881 666 1915 tam
688 1868 851 1932 fragilis
876 1867 1047 1914 animus
1069 1866 1339 1930 conceperit.
1371 1867 1524 1915 Potius
1542 1868 1598 1915 ab

312 1941 404 1989 istis
422 1959 532 2005 quae
550 1954 591 1990 te
607 1954 820 2007 torquent
832 1978 846 2001 ‚
873 1942 928 1988 ad
941 1941 1050 1989 haec
1068 1953 1134 1987 tot
1149 1953 1191 1987 et
1208 1952 1326 1987 tanta
1346 1957 1457 2004 quae
1484 1958 1597 1988 con-

312 2016 534 2075 solantur,
555 2030 788 2076 converte,
807 2034 858 2064 ac
871 2016 1036 2079 respice
1052 2015 1249 2078 optimos
1266 2013 1439 2072 fratres,
1459 2015 1597 2078 respi-

313 2106 365 2136 ce
390 2107 602 2148 uxorem,
626 2089 764 2137 filium
791 2089 969 2152 respice.
1002 2090 1089 2135 Pro
1112 2086 1315 2134 omnium
1341 2086 1505 2134 horum
1537 2088 1599 2135 sa-

314 2163 405 2210 lute
419 2199 432 2218 ‚
450 2165 531 2211 hac
548 2177 693 2211 tecum
713 2164 922 2227 portione
944 2162 1123 2210 fortuna
1142 2160 1319 2209 decidit.
1339 2160 1506 2209 Multos
1528 2161 1599 2209 ha·-

314 2236 390 2284 bes
413 2237 457 2284 in
487 2237 643 2301 quibus
668 2235 935 2301 acquiescass
1051 2288 1055 2290 μ

386 2311 565 2358 XXXI.
602 2311 669 2358 Ab
699 2311 780 2358 hac
811 2322 854 2358 te
875 2309 1055 2356 infamia
1080 2310 1289 2368 vindica,
1319 2327 1374 2357 ne
1398 2309 1600 2358 videatur

318 2386 526 2433 omnibus
547 2384 643 2449 plus
661 2385 776 2447 apud
796 2395 837 2431 te
857 2383 1005 2432 valere
1030 2401 1142 2431 unus
1164 2384 1319 2443 dolor,
1340 2400 1472 2447 quam
1493 2385 1599 2430 haec

318 2470 411 2506 tam
438 2460 572 2507 multa
601 2459 766 2518 solatia.
804 2459 977 2506 Omnes
1005 2457 1109 2504 istos
1139 2473 1226 2505 una
1252 2471 1398 2505 tecum
1422 2454 1597 2541 percul-
