1741 2919
281 159 343 223 33
572 159 619 205 t.
665 158 964 204 ANNAEI
1010 140 1438 216 SENECAE!

279 263 485 328 procedit
515 264 665 310 animo
691 285 698 308 :
732 264 859 310 Multi
878 263 986 309 mihi
1013 276 1246 310 occurrent
1263 263 1373 310 vino
1399 262 1562 322 dediti,

280 339 410 386 multi
438 338 685 395 libidinosi,
719 337 844 383 multi
871 337 1058 401 ingrati,
1092 338 1216 383 multi
1253 338 1406 395 avari,
1439 338 1566 384 multi

279 412 404 459 furiis
437 412 690 459 ambitionis
725 411 881 475 agitati.
918 410 1082 456 Omnia
1113 409 1189 455 ista
1223 424 1310 455 tam
1349 408 1567 472 propitius

278 484 485 547 aspiciet,
511 501 552 565 q
550 501 645 529 iam
670 499 821 547 aegros
843 483 943 529 suos
963 481 1169 528 medicus.
1202 482 1431 544 Numquid
1468 480 1565 536 ille,

278 557 402 605 cuius
433 558 658 621 navigium
688 557 897 614 multam,
930 557 1127 620 undique
1157 556 1305 603 laxatis
1333 543 1568 619 compagi-

278 629 383 684 bus,
413 646 571 692 aquam
592 628 749 685 trahit,
777 629 915 675 nautis
945 628 1116 692 ipsique.
1129 629 1308 692 navigio
1334 628 1565 674 irascitur?

279 702 476 749 occurrit
497 702 643 764 potius
657 738 669 757 ‚
688 713 729 747 et
750 700 875 746 aliam
897 701 1086 747 excludit
1108 701 1266 748 undam
1284 737 1297 757 ‚
1317 700 1441 746 aliam
1463 717 1566 763 ege-

279 775 363 832 rit,
398 774 619 820 manifesta
648 774 865 823 foramina
895 774 1157 837 praecludit,
1191 773 1421 820 latentibus
1445 787 1488 820 et
1514 789 1566 820 ex

279 850 460 895 occulto
481 849 693 896 sentinam
715 849 974 895 ducentibus
991 849 1140 896 labore
1160 849 1372 895 continuo
1391 848 1563 895 resistit:

279 938 361 968 nec
392 922 495 969 ideo
523 921 805 978 intermittit,
830 921 932 984 quia
957 934 1165 985 quantum
1198 920 1448 967 exhaustum
1479 920 1568 977 est,

279 994 561 1041 subnascitur.
593 998 734 1041 Lento
761 995 982 1042 adiutorio
1010 1012 1124 1058 opus
1150 993 1238 1050 est,
1268 1009 1423 1041 contra
1457 994 1568 1040 mala

280 1070 490 1116 continua
527 1082 571 1117 et
607 1068 829 1118 foecunda
846 1106 864 1128 ‚
914 1087 1005 1117 non
1041 1081 1091 1117 ut
1124 1068 1318 1116 desinant
1336 1101 1350 1126 ,
1397 1069 1470 1116 sed
1511 1085 1567 1115 ne

278 1143 472 1192 vincant.

345 1218 425 1263 Xl.
461 1215 589 1264 Utilis
613 1215 674 1262 est
689 1251 701 1271 ,
720 1215 891 1280 inquit,
921 1214 983 1262 ira
1003 1232 1014 1262 ε
1037 1215 1140 1280 quia
1158 1226 1433 1265 contemtum
1453 1213 1568 1262 effu-

280 1289 344 1354 git
360 1325 373 1348 ‚
392 1290 495 1353 quia
524 1291 663 1336 malos
683 1302 829 1336 terret.
850 1289 1042 1336 Primum
1059 1325 1072 1348 ‚
1098 1290 1161 1335 ira
1191 1289 1221 1335 fi
1249 1283 1465 1353 quantum
1487 1288 1570 1334 mi-

280 1375 433 1421 natur,
462 1365 608 1419 valet3
643 1364 704 1408 ob
733 1363 821 1409 hoc
853 1362 994 1425 ipsum
1026 1363 1149 1426 quod
1173 1363 1379 1411 terribilis
1407 1362 1491 1417 est,
1523 1379 1567 1412 et

280 1437 421 1484 invisa
440 1436 514 1484 est.
535 1435 822 1484 Periculosius
842 1436 903 1483 est
916 1451 1059 1483 autem
1082 1436 1253 1495 timeri,
1272 1454 1401 1500 quam
1422 1436 1568 1500 despi-

281 1510 337 1559 ci.
359 1511 401 1556 Si
428 1526 538 1557 vero
561 1510 649 1556 fine
675 1509 844 1557 viribus
863 1509 950 1568 est,
981 1510 1121 1573 magis
1139 1510 1335 1573 expolita
1366 1524 1568 1556 contem-

282 1582 347 1632 tui
365 1581 425 1628 est
438 1617 451 1639 ‚
482 1595 526 1628 et
546 1581 734 1629 derisum
753 1598 842 1628 non
863 1581 1027 1647 effugit.
1049 1582 1155 1646 quid
1174 1583 1293 1628 enim
1311 1582 1371 1628 est
1390 1583 1568 1630 iracun-

280 1657 352 1704 dia
379 1656 424 1702 in
455 1655 777 1719 supervacuum
809 1657 1098 1703 tumultuante
1125 1656 1356 1720 frigidius?
1386 1657 1566 1704 Deinde

282 1747 374 1778 non
403 1730 507 1777 ideo
534 1729 772 1793 quaedam,
804 1729 906 1792 quia
925 1730 1216 1788 terribiliora,
1248 1729 1425 1793 potiora
1444 1730 1570 1776 sunt:

282 1821 366 1852 nec
386 1806 473 1850 hoc
493 1802 692 1866 sapientis
719 1802 805 1848 dici
831 1802 993 1860 velim,
1012 1803 1137 1866 quod
1161 1802 1279 1848 ferae
1297 1818 1475 1865 quoque
1498 1813 1568 1848 te-
1592 1839 1595 1842 ⁴

282 1880 376 1927 lum
396 1879 457 1926 est
472 1916 484 1935 ‚
503 1878 663 1924 timeri.
685 1875 839 1937 Quid?
860 1892 950 1922 non
970 1876 1148 1923 timetur
1165 1875 1296 1922 febris
1311 1907 1324 1930 ‚
1347 1875 1540 1938 podagra
1554 1910 1568 1931 ,

282 1953 433 1999 hulcus
452 1951 648 1998 malum?
669 1949 883 2012 numquid
904 1950 1007 1995 ideo
1027 1949 1267 2012 quidquam
1286 1949 1332 1994 in
1352 1947 1441 1994 istis
1459 1947 1568 1993 boni

282 2027 377 2076 est?
398 2045 452 2074 an
473 2037 627 2073 contra
645 2061 658 2083 ,
680 2024 830 2071 omnia
848 2025 1066 2088 despeEh„
1094 2038 1136 2071 et
1157 2025 1313 2083 foeda,
1330 2037 1373 2072 et
1391 2024 1529 2087 turpia
1549 2056 1564 2079 2

283 2102 381 2165 ipso
410 2118 502 2165 quo
520 2100 731 2148 timentur
745 2132 759 2154 ⁹
780 2098 907 2146 sunt?
936 2102 998 2146 Ira
1019 2117 1097 2162 per
1117 2099 1157 2146 se
1177 2097 1388 2146 deformis
1405 2098 1467 2145 est
1479 2133 1492 2154 ‚
1525 2110 1569 2145 et

283 2173 467 2219 minime
486 2172 717 2218 metuenda
736 2188 747 2215 t
767 2186 809 2219 at
824 2172 1001 2218 timetur
1020 2189 1042 2217 a
1063 2172 1276 2233 pluribus,
1294 2171 1401 2217 ficut
1415 2170 1568 2216 defor-

282 2246 366 2293 mis
399 2245 583 2309 persona
611 2246 664 2291 ab
695 2245 945 2295 infantibus.
981 2245 1104 2306 Quid
1122 2278 1136 2301 ,
1170 2244 1291 2308 quod
1319 2243 1489 2306 semper
1519 2243 1566 2289 in

284 2321 481 2366 aucrores
511 2319 725 2366 redundat
749 2318 884 2365 timor
904 2355 920 2376 ,
953 2335 1034 2365 nec
1065 2318 1299 2382 quisquam
1331 2315 1567 2371 metuitur,

284 2390 375 2455 ipse
395 2391 596 2438 securus?
632 2394 854 2438 Occurrat
873 2392 959 2438 hoc
985 2391 1090 2438 loco
1114 2389 1193 2436 tibi
1214 2388 1475 2436 Laberianus
1497 2387 1567 2434 ille

282 2463 432 2515 versus
450 2496 464 2521 ,
491 2465 567 2527 qui
588 2464 739 2511 medio
761 2464 884 2515 civili
904 2464 1023 2512 bello
1043 2463 1088 2511 in
1108 2464 1281 2511 theatro
1300 2464 1437 2512 dictus
1453 2494 1467 2519 ,
1498 2473 1568 2509 to-
