1741 2919
283 149 374 197 262
540 149 589 196 L.
639 147 931 194 ANNAEI
979 148 1336 197 SENECAE

343 254 404 300 X.
437 253 494 298 At
515 251 559 298 in
583 252 763 316 aliquod
783 269 919 316 genus
945 253 1060 301 vitae
1083 253 1256 300 difficile
1275 254 1488 313 incidisti,
1516 267 1562 305 et

279 327 359 374 tibi
386 326 604 389 ignoranti
621 327 694 375 vel
714 326 1110 388 publicafortuna,
1131 328 1206 374 vel
1225 327 1392 390 privata
1411 329 1562 392 laque-

276 416 352 448 um
371 397 579 460 impegit,
606 414 735 459 quem
765 415 846 445 nec
868 399 1040 446 solvere
1066 399 1197 462 possis
1215 432 1227 454 ‚
1278 407 1361 447 nec
1385 401 1565 447 abrum-

283 487 401 533 pere.
444 469 604 531 Cogita
628 470 910 532 compeditos
937 471 1084 533 primo
1107 487 1233 534 aegre
1259 468 1371 518 ferre
1400 488 1564 532 onera,

277 557 322 592 et
349 543 666 605 impedimenta
695 560 877 590 crurum
900 561 911 590 ε
937 544 1094 592 deinde
1122 545 1199 592 ubi
1226 561 1316 590 non
1346 544 1564 608 indignari

276 615 370 671 illa,
397 616 468 662 sed
498 614 586 677 pati
612 616 938 678 proposuerunt
955 652 969 673 ,
1002 616 1224 664 neceffitas
1253 616 1423 663 fortiter
1448 616 1564 664 ferre

278 691 441 745 docet;
477 689 750 736 consuetudo
776 688 917 736 facile,
949 690 1220 749 Inveniesin
1252 689 1450 754 quolibet
1484 706 1565 754 ge-

276 781 382 811 nere
402 763 519 810 vitae
544 762 864 810 oble&amenta
879 799 892 821 ‚
914 775 957 810 et
977 763 1249 811 remissiones
1263 799 1276 822 ‚
1297 776 1339 811 et
1358 764 1567 826 volupta-

277 853 340 885 tes
357 873 371 894 ‚
398 836 427 882 si
452 836 646 883 nolueris
679 836 837 882 malam
867 847 1019 899 putare
1049 838 1184 886 vitam
1220 837 1367 901 potius
1388 870 1402 893 ‚
1430 855 1566 902 quam

276 912 543 962 invidiosam
581 911 742 960 facere.
774 911 911 959 Nullo
947 911 1102 958 melius
1136 912 1319 959 nomine
1351 913 1405 959 de
1435 913 1567 960 nobis

207 980 212 982 i
277 1004 433 1037 natura
460 985 644 1043 meruit,
677 1003 812 1049 quam
844 986 966 1048 quod
994 1002 1096 1032 cum
1126 984 1276 1043 sciret,
1306 985 1464 1050 quibus
1493 1001 1568 1032 ae·-

277 1062 443 1110 rumnis
475 1060 773 1117 nasceremur,
801 1058 1091 1106 calamitatum
1114 1056 1434 1105 mollimentum
1457 1075 1569 1105 con-

277 1138 546 1185 suetudinem
575 1134 773 1193 invenit,
803 1133 895 1180 ciro
924 1132 969 1179 in
1003 1131 1340 1178 familiaritatem
1368 1131 1569 1195 graviffi-

277 1229 350 1259 ma
379 1211 613 1257 adducens.
641 1210 790 1254 Nemo
817 1207 1017 1265 duraret,
1047 1204 1077 1252 fi
1109 1222 1256 1252 rerum
1285 1204 1569 1252 adversarum

277 1287 462 1334 eandem
489 1283 579 1329 vim
606 1282 821 1328 affiduitas
849 1283 1029 1329 haberet
1046 1313 1059 1337 ‚
1090 1297 1223 1346 quam
1253 1278 1419 1342 primus
1447 1281 1571 1328 iilus-

279 1365 452 1409 Omnes
473 1376 574 1407 cum
602 1358 778 1404 fortuna
809 1358 1001 1420 copulati
1032 1359 1193 1406 fumus.
1223 1357 1407 1405 aliorum
1440 1374 1571 1405 aurea

220 1431 229 1436 i
281 1451 433 1485 catena
464 1434 524 1482 est
543 1471 558 1491 ‚
585 1445 627 1480 et
655 1433 747 1479 laxa
778 1451 787 1479 :
821 1432 1008 1479 aliorum
1037 1433 1155 1479 εει-ἃᾶ
1184 1443 1229 1479 et
1261 1431 1449 1480 sordida.
1480 1432 1568 1480 Sed

282 1510 391 1575 quid
410 1506 576 1555 refert?
605 1506 755 1553 eadem
779 1505 972 1552 custodia
995 1506 1226 1553 universos
1248 1505 1567 1555 circumdedit:

281 1585 530 1647 alligatique
551 1580 646 1628 siunt
671 1581 800 1626 etiam
832 1580 906 1643 qui
937 1580 1240 1645 alligaverunt.
1273 1580 1350 1627 nifi
1379 1595 1426 1628 tu
1454 1581 1571 1630 forte

282 1658 496 1705 leviorem
519 1656 564 1701 in
596 1654 755 1701 sinistra
785 1666 982 1701 catenam
1006 1667 1140 1716 putas.
1172 1654 1315 1701 Alium
1343 1654 1570 1714 honores,

283 1732 418 1778 alium
445 1745 553 1791 opes
583 1727 782 1775 vinciunt
809 1745 819 1773 t
844 1731 1057 1791 quosdam
1089 1728 1322 1783 nobilitas,
1353 1729 1571 1790 quosdam

284 1802 508 1849 humilitas
530 1801 717 1863 premit:
740 1800 1000 1862 quibusdam
1021 1801 1158 1847 aliena
1182 1801 1310 1862 supra
1334 1812 1462 1863 caput
1482 1801 1570 1847 im-

286 1876 406 1940 peria
426 1876 540 1930 sunt,
560 1875 816 1938 quibusdam
840 1874 909 1920 sua
928 1892 938 1921 τ
959 1875 1175 1938 quosdam
1195 1872 1338 1921 exsilia
1356 1889 1447 1920 uno
1465 1874 1571 1923 loco

287 1961 463 2004 tenent,
500 1948 714 2009 quosdam
748 1947 1004 1994 sacerdotia.
1041 1948 1202 1994 Omnis
1229 1947 1319 1995 vita
1343 1947 1570 1995 servitium

288 2021 363 2068 est.
393 2020 733 2067 Affuescendum
762 2020 911 2083 itaque
937 2021 1184 2067 conditioni
1204 2021 1329 2077 suae,
1367 2032 1412 2067 et
1437 2037 1571 2083 quam

290 2093 520 2141 minimum
544 2094 596 2138 de
616 2092 686 2138 illa
707 2094 1000 2154 querendum:
1016 2107 1057 2140 et
1076 2094 1289 2157 quidquid
1309 2093 1437 2140 habet
1454 2093 1574 2142 circa

290 2168 332 2215 se
361 2167 619 2222 commodi,
656 2167 1067 2228 apprehendendum
1096 2167 1168 2215 est.
1192 2168 1314 2213 Nihil
1333 2179 1418 2214 tam
1450 2184 1575 2214 acer-

291 2242 398 2289 bum
425 2241 507 2296 est,
527 2242 571 2287 in
600 2257 694 2302 quo
723 2257 813 2286 non
842 2257 1003 2302 aequus
1027 2240 1197 2287 animus
1217 2240 1420 2287 solatium
1441 2239 1573 2287 inve-

292 2314 394 2360 niat.
419 2315 613 2378 Exiguae
633 2313 756 2375 saepe
776 2329 900 2358 areae
924 2313 968 2358 in
989 2312 1153 2358 multos
1179 2311 1275 2358 usus
1293 2311 1575 2360 describentis

294 2399 383 2432 arte
410 2400 584 2448 patuere
598 2423 610 2443 ‚
630 2399 672 2433 et
692 2385 894 2450 quamvis
913 2383 1140 2448 angustum
1167 2384 1324 2446 pedem
1346 2383 1574 2447 dispositio

293 2457 400 2507 fecit
430 2459 725 2508 habitabilem.
759 2458 932 2507 Adhibe
965 2456 1183 2506 rationem
1218 2455 1573 2505 difficultatibus:
