1741 2919
259 151 354 199 300
518 139 565 185 L.
609 138 904 184 ANNAEI
946 140 1290 187 SENECAE

257 256 327 292 cat
343 244 449 291 nihil
468 244 576 303 effe,
592 259 635 292 et
654 246 865 293 intercedi
885 263 975 292 non
997 247 1172 309 patitur.
1185 248 1291 294 Non
1307 247 1391 307 est,
1411 248 1534 312 quod

256 329 383 380 putes
402 335 634 382 magnum,
654 335 748 382 quo
768 319 1028 366 diffidemus.
1050 320 1160 367 Illud
1182 338 1273 384 quo
1293 322 1347 369 de
1366 322 1538 384 agitur,

257 392 381 454 quod
402 409 538 438 unum
559 393 612 438 ad
637 409 718 439 nos
748 393 936 455 pertinet
951 428 966 450 ,
997 409 1181 456 utraque
1202 396 1402 457 exempla
1427 395 1537 440 hor-

257 476 428 512 tantur:
446 479 731 513 contemnere
748 465 955 522 iniurias,
977 478 1020 512 et
1037 466 1414 529 quasiniuriarum
1436 484 1536 513 um-

255 539 356 585 bras
388 555 438 586 ac
470 537 736 601 suspiciones
770 539 955 586 dixerim
977 575 991 597 ,
1025 540 1314 587 contumelias
1346 541 1400 587 ad
1431 557 1539 603 quas

255 612 555 675 despiciendas
586 629 676 659 non
698 613 877 675 sapienti
896 629 1011 677 opus
1031 613 1092 660 est
1114 613 1216 668 viro
1232 646 1244 667 ‚
1275 614 1347 660 sed
1366 626 1538 660 tantum

255 684 554 747 confipiente,
589 685 666 748 qui
693 685 769 731 fibi
801 685 932 747 poffit
963 686 1109 733 dicere
1141 703 1151 732 :
1184 688 1346 733 Utrum
1378 684 1538 731 merito

256 757 365 805 mihi
385 756 460 803 ista
478 756 708 814 accidunt,
736 773 790 803 an
809 758 1068 806 immerito?
1090 759 1132 805 Si
1151 759 1309 805 merito
1325 794 1338 816 ‚
1369 773 1459 804 non
1479 754 1540 802 est

255 830 522 877 contumelia
537 866 551 889 ,
570 830 779 877 iudicium
799 831 872 878 est.
889 832 918 877 fi
937 831 1188 878 immerito:
1208 831 1269 877 illi
1290 828 1366 893 qui
1386 827 1540 875 iniusta

255 902 359 950 facit
372 938 385 960 ‚
405 902 749 951 erubescendum
764 905 837 952 est.
857 907 910 951 Et
929 906 1035 968 quid
1056 905 1116 952 est
1139 905 1244 952 illud
1257 941 1270 962 ‚
1287 904 1412 968 quod
1429 919 1539 949 con-

255 976 431 1022 tumelia
452 976 648 1023 dicitur?
667 976 712 1023 in
732 979 888 1042 capitis
906 979 992 1026 mei
1018 979 1240 1026 levitatem
1261 978 1428 1025 iocatus
1446 974 1506 1022 est
1525 1010 1539 1031 ‚

255 1062 299 1095 et
323 1049 367 1095 in
391 1049 630 1097 oculorum
651 1050 949 1098 valetudinem
964 1089 977 1110 ,
998 1064 1041 1099 et
1059 1052 1105 1099 in
1125 1069 1301 1100 crurum
1323 1048 1541 1114 gracilita-

254 1134 368 1181 tem,
387 1124 493 1172 etin
512 1123 727 1170 staturam.
748 1127 876 1186 Quae
897 1126 1164 1173 contumelia
1191 1125 1278 1181 est,
1311 1123 1434 1187 quod
1460 1136 1538 1182 ap-

255 1212 406 1258 paret,
426 1197 606 1241 audire?
631 1199 799 1243 Coram
820 1215 911 1243 uno
937 1197 1102 1258 aliquid
1121 1197 1285 1242 dissum
1311 1194 1502 1240 ridemus
1523 1225 1537 1245 ‚

255 1286 406 1316 coram
426 1269 619 1331 pluribus
636 1269 938 1333 indignamur:
961 1282 1170 1317 eteorum
1186 1271 1277 1317 aliis
1295 1270 1539 1315 libertatem
1601 1302 1606 1305 <

256 1359 350 1388 non
366 1342 650 1406 relinquimus
663 1378 676 1400 ,
696 1360 807 1406 quae
825 1344 904 1406 ipfi
924 1344 969 1389 in
995 1360 1077 1390 nos
1096 1343 1241 1390 dicere
1260 1341 1538 1388 assuevimus.

256 1415 372 1461 Iocis
397 1416 648 1477 temperatis
671 1415 961 1471 deleilamur,
981 1415 1232 1462 immodicis
1252 1414 1489 1462 irascimur.

323 1489 466 1535 XVII.
486 1489 760 1551 Chrysippus
777 1489 835 1535 ait
856 1490 1073 1552 quendam
1095 1488 1390 1551 indignatum,
1418 1485 1540 1549 quod

256 1561 381 1608 illum
413 1562 568 1626 aliquis
595 1566 841 1611 Vervecem
873 1564 1088 1610 marinum
1114 1563 1295 1610 dixerat.
1315 1565 1362 1609 In
1392 1563 1541 1609 senatu

258 1635 437 1683 flentem
469 1636 660 1683 vidimus
691 1638 845 1684 Fidum
875 1637 1163 1694 Cornelium,
1192 1637 1379 1684 Nasonis
1402 1653 1540 1700 gene-

258 1725 386 1765 rum,
413 1725 512 1755 cum
537 1707 661 1754 illum
689 1709 895 1756 Corbulo
926 1709 1344 1756 Struthiocamelum
1374 1708 1541 1772 depila-

260 1793 354 1827 tum
379 1781 563 1830 dixisset.
596 1784 822 1832 Adversus
847 1784 926 1830 alia
946 1783 1202 1841 maledieta,
1231 1800 1376 1830 mores
1403 1796 1446 1831 et
1465 1784 1539 1831 vi-

261 1868 348 1901 tam
372 1856 745 1915 convulnerantia,
767 1857 924 1905 frontis
947 1857 1007 1903 illi
1027 1856 1207 1905 firmitas
1232 1857 1447 1905 constitit:
1465 1857 1542 1903 ad-

260 1928 410 1975 versus
430 1928 514 1975 hoc
533 1944 620 1976 tam
637 1931 870 1977 absurdum
897 1930 1097 1978 lacrimae
1122 1931 1418 1993 prociderunt.
1442 1945 1543 1977 tan-

261 2014 304 2048 ta
317 2003 566 2050 animorum
583 2005 853 2052 imbecillitas
869 2004 944 2060 est,
963 2005 1037 2050 ubi
1057 2005 1382 2052 ratio-disceffit.
1401 2004 1542 2065 Quid,

264 2075 388 2135 quod
414 2074 711 2134 offendimur,
735 2077 765 2124 fi
792 2077 890 2140 quis
914 2077 1159 2124 sermonem
1182 2077 1374 2124 nostrum
1394 2076 1542 2122 imita-

267 2161 364 2205 tur,
389 2148 419 2194 fi
444 2149 541 2212 quis
560 2150 770 2198 inceffum
787 2186 799 2208 ,
826 2149 855 2195 fi
876 2150 975 2213 quis
998 2149 1156 2197 vitium
1177 2150 1354 2213 aliquod
1376 2166 1542 2212 corpo-

268 2218 326 2266 ris
345 2231 419 2266 aut
441 2220 612 2286 linguae
639 2222 873 2285 exprimit?
903 2221 1020 2285 quast
1043 2222 1216 2268 notiora
1238 2223 1310 2268 illa
1331 2220 1545 2268 fiant'alio

270 2289 494 2348 imitante,
527 2310 659 2356 quam
690 2293 817 2340 nobis
850 2292 1117 2340 facientibus.
1144 2293 1416 2340 SeneEtutem
1443 2292 1546 2354 qui-

273 2361 375 2407 dam
396 2362 525 2410 inviti
550 2365 730 2412 audiunt
748 2401 761 2423 ‚
788 2377 830 2412 et
848 2381 981 2413 canos
994 2400 1008 2422 ‚
1038 2377 1081 2411 et
1098 2366 1199 2423 alia,
1229 2365 1283 2411 ad
1303 2380 1414 2428 quae
1431 2378 1548 2410 voto

276 2435 544 2498 pervenitur.
563 2437 829 2503 Paupertatis
851 2437 1130 2488 maledifitum
1157 2439 1370 2504 quosdam
1397 2435 1549 2502 perus:
