1741 2919
305 168 403 204 „110
573 156 1411 215 L.ANNAEISENECAE·

357 274 511 301 tamenta
532 264 586 317 isti
607 265 755 304 dabunt.
780 269 880 306 Verte
902 270 1006 308 etiam
1027 273 1076 309 ad
1089 273 1243 325 sororem
1262 286 1380 323 tuam,
1403 274 1600 331 quaefhlae'

357 327 442 364 tium
462 327 550 373 erit,
572 326 607 364 6²
622 329 826 382 exemplum.
849 332 971 384 Atque
985 334 1024 372 in
1045 334 1120 372 eius
1135 334 1302 374 laudibus
1322 338 1432 376 libelli
1439 341 1543 389 finis.

308 389 474 428 Carmina
507 389 564 427 hic
589 391 703 444 vifizm
731 393 983 446 praeserihcre,
1010 411 1098 449 quae
1133 399 1281 437 Senecae
1310 401 1534 449 tribuuntur,
1564 414 1599 441 cc

355 462 441 488 certe
459 452 620 506 ‘exsilium
640 453 717 491 eius
738 466 903 508 tangunt.
929 457 1015 496 Sive
1035 460 1080 497 ab
1104 459 1180 513 ipsb
1203 460 1336 513 igitur,
1352 464 1430 514 five
1456 466 1497 503 de
1517 465 1594 517 ipsu

348 513 485 567 scripta
499 543 513 561 ,
529 515 580 552 ad
598 529 836 569 argumentum
855 517 890 556 ἃ·
905 519 1012 558 lucem
1031 521 1142 561 libelli
1148 525 1317 577 speblant.

420 631 470 677 L.
538 630 940 678 ANNAEI
1006 631 1482 686 SENECAE

301 757 901 803 EPIGRAMMATA
936 761 1198 808 SUPER
1232 765 1601 815 EXSJLIQ

334 883 366 930 Ι.
685 884 771 930 AD
824 866 1230 935 C-oiz51cAM.

305 988 414 1107 C
437 1068 663 1103 ORSICA
695 1055 919 1106 Phocaico
941 1059 1067 1108 tellus
1094 1059 1285 1109 habitata
1304 1062 1500 1122 colono9

367 1132 550 1180 Corfica
568 1168 582 1192 ‚
601 1149 714 1197 quae
734 1133 877 1180 Graio
904 1135 1088 1182 nomine
1114 1138 1297 1200 Cyrnus
1325 1155 1448 1194 eras;

299 1205 484 1253 Corfica
508 1207 705 1253 Sardinia
725 1207 908 1254 brevior
922 1243 936 1268 ,
955 1210 1205 1272 porreffior
1222 1213 1315 1261 Ilva
1332 1229 1344 1259 :

366 1279 549 1326 Corfica
568 1280 745 1343 piscofis
767 1282 922 1344 pervia
941 1282 1228 1339 fluminibus;

300 1352 485 1400 Corfica
507 1353 742 1413 terribilis,
772 1371 871 1401 cum
894 1355 1086 1418 primum
1105 1356 1334 1406 incanduit
1352 1357 1515 1407 aestasz

366 1426 552 1475 Saevior
568 1460 582 1484 ‚
602 1426 796 1476 ostendit
813 1446 919 1476 cum
946 1429 1063 1477 ferus
1082 1447 1161 1478 ora
1182 1432 1316 1480 Canis
1329 1450 1343 1479 τ

300 1503 434 1549 Parce
457 1501 683 1566 relegatis,
703 1501 790 1550 hoc
812 1502 874 1550 est
889 1539 903 1563 ,
929 1503 1015 1550 iam
1037 1520 1169 1568 parce
1190 1505 1378 1569 sepultis.

368 1575 598 1625 Vivorum
618 1575 758 1625 cineri
775 1576 825 1624 sit
850 1588 922 1624 tua
942 1592 1058 1625 terra
1087 1578 1214 1628 levis,

334 1677 389 1723 Π.
701 1689 801 1721 DE
870 1689 1195 1724 EADEM.

301 1773 489 1821 Barbara
510 1772 756 1836 praeruptis
783 1771 944 1818 inclusa
969 1771 1030 1819 est
1053 1771 1233 1820 Corfica
1254 1770 1363 1820 saxis
1385 1788 1398 1819 ε

297 1888 301 1892 ,
366 1848 588 1905 Horrida,
618 1845 795 1893 desertis
813 1846 1009 1908 undique
1035 1845 1293 1893 vastalocis.

301 1922 408 1969 Non
434 1939 570 1986 poma
588 1924 864 1978 Autumnus,
887 1921 1048 1986 segetes
1068 1938 1158 1968 non
1176 1922 1335 1969 educat
1351 1918 1496 1968 Aestas
1515 1935 1529 1967 z

367 1996 579 2058 Canaque
606 1995 800 2041 Palladio
830 2012 1011 2040 munere
1033 1996 1193 2040 Bruma
1217 2006 1364 2041 caret:

300 2071 575 2117 Umbrarum
603 2070 725 2116 nullo
748 2073 839 2116 Ver
864 2069 924 2116 est
944 2069 1137 2114 laetabile
1167 2069 1319 2126 foetu,

368 2143 588 2206 Nullaque
606 2143 650 2189 in
674 2142 864 2189 infausto
887 2143 1076 2190 nascitur
1097 2143 1232 2188 herba
1255 2142 1380 2188 solo:

299 2216 408 2262 Non
427 2217 571 2279 panis,
593 2233 684 2262 nou
702 2215 872 2263 haustus
891 2232 1049 2278 aquae,
1068 2231 1158 2260 non
1179 2214 1358 2261 ultimus
1374 2211 1512 2277 ignis:

365 2291 451 2337 Hic
469 2289 556 2337 sola
572 2289 680 2337 haec
699 2290 789 2337 duo
810 2288 906 2336 sunt
922 2326 935 2347 ,
955 2288 1073 2336 exsul
1090 2324 1102 2346 ‚
1122 2300 1165 2335 et
1181 2288 1396 2335 exsilium.

334 2383 406 2430 ΠΙ.
712 2394 1160 2438 QUERELA.

297 2481 447 2530 Occisi
473 2482 670 2547 iugulum
697 2483 892 2548 quisquis
915 2481 1117 2531 scrutaris
1141 2482 1297 2542 amici,
