1741 2919
278 151 370 195 142
535 137 583 182 L.
634 135 931 182 ANNAEI
980 135 1341 183 SENECAE

274 244 351 290 llla
376 243 557 306 quidem
579 243 758 291 affeffiis
780 258 881 290 tuos
904 243 1072 307 semper
1096 245 1300 308 sequitur.
1324 244 1370 290 in
1394 259 1490 290 mea
1506 253 1570 289 ta-

272 332 378 363 men
410 316 595 378 persona
610 353 624 375 ‚
653 333 745 364 non
766 330 938 364 tantum
958 335 1040 381 pro
1059 333 1101 364 te
1123 319 1258 365 dolet.
1287 316 1403 365 lllius
1426 317 1569 364 mani-

272 391 354 438 bus
383 390 430 437 in
465 392 624 438 urbem
659 393 849 454 perlatus
878 394 998 439 sum:
1033 393 1146 440 illius
1172 393 1249 457 pio
1278 404 1572 454 maternoque

272 465 472 513 nutricio
499 482 577 529 per
595 466 782 530 longum
803 478 975 530 tempus
994 484 1122 531 aeger
1141 465 1349 514 convalui
1367 483 1378 512 :
1399 466 1467 512 illa
1486 481 1573 528 pro

272 538 507 602 quaestura
529 554 625 586 mea
644 538 829 602 gratiam
849 540 967 587 suam
980 541 1199 587 extendit:
1221 553 1265 587 et
1284 556 1396 602 quae
1414 556 1468 585 ne
1487 538 1574 585 ser-

274 610 424 659 monis
449 610 653 674 quidem,
674 624 748 657 aut
773 612 914 658 clarae
939 612 1204 660 salutationis
1228 611 1420 659 sustinuit
1440 612 1575 657 auda-

275 682 392 729 ciam.
409 718 423 742 ‚
447 700 531 745 pro
559 700 631 729 me
660 683 771 730 vicit
802 684 1070 748 indulgentia
1100 686 1427 734 verecundiam.
1452 683 1575 731 Nihil

275 756 338 803 illi
365 755 593 802 sedussum
625 755 744 803 vitae
775 773 938 820 genus,
964 757 1074 805 nihil
1106 758 1351 818 modestia,
1380 758 1425 804 in
1456 769 1577 805 tanta

275 829 542 877 feminarum
575 829 836 895 petulantia,
866 831 1024 880 rustica
1039 869 1053 891 ‚
1074 833 1183 879 nihil
1201 833 1326 896 quies
1341 869 1355 890 ‚
1375 832 1486 879 nihil
1510 832 1577 878 se-

277 903 389 953 creti
409 918 453 965 et
471 906 527 951 ad
546 905 690 952 otium
710 906 892 969 repositi
912 923 1060 953 mores
1078 906 1362 965 obstiterunt,
1380 922 1471 970 quo
1494 904 1578 951 mi-

275 994 358 1024 nus
388 992 472 1038 pro
502 993 573 1022 me
602 975 731 1022 etiam
758 977 991 1024 ambitiosa
1018 977 1153 1024 fieret.
1179 978 1300 1024 Haec
1319 976 1409 1035 est,
1442 989 1580 1023 mater

278 1051 524 1109 cariffima,
549 1049 780 1109 solatium,
801 1068 895 1114 quo
915 1050 1125 1099 reficiaris
1147 1070 1157 1098 ε
1179 1050 1244 1098 illi
1265 1063 1474 1115 quantum
1495 1068 1580 1114 po-

277 1138 342 1172 tes
359 1139 401 1171 te
422 1123 555 1188 iunge
569 1159 582 1182 ‚
597 1123 710 1170 illius
727 1125 970 1171 arffiffimis
990 1123 1259 1188 amplexibus
1275 1125 1412 1188 alliga.
1430 1126 1581 1172 Solent

279 1209 534 1246 moerentes
553 1233 566 1256 ‚
589 1215 640 1244 ea
668 1215 783 1261 quae
804 1199 995 1245 maxime
1020 1199 1229 1262 diligunt,
1255 1199 1405 1262 fugere
1420 1236 1433 1257 ‚
1452 1212 1495 1246 et
1524 1198 1580 1243 li-

279 1272 492 1319 bertatem
512 1271 663 1318 dolori
687 1270 768 1318 suo
787 1289 996 1333 quaerere
1013 1286 1085 1320 :tu
1103 1273 1156 1319 ad
1176 1273 1294 1319 illam
1313 1285 1379 1331 te,
1397 1285 1439 1320 et
1457 1271 1582 1335 quid-

280 1346 393 1410 quid
413 1344 706 1407 cogitaveri3‚
734 1345 906 1392 confer.
926 1345 1015 1392 five
1034 1346 1205 1393 servare
1224 1346 1423 1393 habitum
1451 1344 1580 1391 istum

279 1419 430 1474 voles,
450 1416 542 1465 sive
570 1416 795 1480 deponere
810 1453 824 1474 ‚
844 1419 961 1482 apud
986 1417 1101 1465 illam
1135 1417 1336 1466 invenies
1355 1418 1424 1465 vel
1445 1417 1582 1463 finem

280 1490 431 1538 dolori
469 1504 551 1536 tuo
572 1525 587 1547 ,
621 1490 697 1536 vel
727 1490 955 1537 comitem.
991 1491 1075 1537 Sed
1109 1490 1138 1536 si
1173 1491 1447 1554 prudentiam
1480 1507 1582 1553 per-

280 1563 532 1611 feffiffimae
562 1555 756 1610 feminae
779 1563 924 1623 novi,
944 1581 1037 1611 non
1061 1565 1249 1628 patietur
1275 1579 1318 1613 te
1346 1565 1453 1611 nihil
1472 1581 1580 1627 pro-

281 1638 440 1686 futuro
470 1653 680 1685 moerore
707 1638 937 1697 consumi,
966 1652 1010 1686 et
1040 1639 1293 1700 exemplum
1320 1639 1401 1686 tibi
1420 1637 1544 1685 suum
1567 1675 1582 1698 ,

283 1712 411 1760 cuius
436 1726 523 1774 ego
545 1711 679 1756 etiam
703 1709 920 1774 speci-ator
940 1711 1030 1771 fui,
1063 1711 1270 1759 narrabit.
1300 1711 1583 1759 Cariffimum

284 1788 434 1835 virum
479 1786 679 1832 amiserat
710 1821 724 1841 ‚
760 1786 1031 1834 avunculum
1066 1786 1267 1834 nostrum
1292 1823 1306 1846 ,
1342 1787 1421 1838 cui,
1449 1787 1585 1852 virgo

287 1861 525 1925 nupserat.
558 1859 602 1905 in
637 1860 727 1923 ipsa
761 1861 1073 1926 navigatione:
1112 1862 1212 1908 tulit
1244 1877 1392 1909 tamen
1424 1863 1585 1910 eodem

287 1950 495 1998 tempore
522 1946 565 1980 et
589 1934 755 1981 lucium
773 1971 787 1994 ‚
807 1946 850 1982 et
875 1947 1043 1981 metum
1059 1971 1072 1993 ,
1093 1935 1333 2002 evictisque
1349 1935 1588 1997 tempesta-

287 2010 408 2057 tibus
428 2026 591 2073 corpus
612 2011 704 2058 eius
721 2010 929 2075 naufraga
949 2010 1116 2059 evexit.
1131 2015 1177 2058 Ο
1197 2028 1328 2074 quam
1350 2011 1586 2058 multarum

291 2081 472 2145 egregia
494 2097 630 2144 opera
657 2082 702 2127 in
722 2082 916 2130 obscuro
936 2082 1105 2130 iacent!
1132 2083 1174 2129 Si
1193 2083 1295 2130 huic
1317 2082 1388 2128 illa
1407 2081 1590 2145 fimplex

290 2155 560 2202 admirandis
580 2155 819 2203 virtutibus
844 2156 1096 2219 contigisset
1122 2156 1356 2220 antiquitas
1378 2173 1389 2202 :
1419 2169 1589 2220 quanto

292 2227 580 2290 ingeniorum
605 2229 843 2276 certamine
869 2231 1166 2278 celebraretur
1182 2247 1321 2288 uxor,
1343 2247 1456 2294 quae
1473 2229 1590 2277 obli-

289 2314 336 2349 ta
371 2302 680 2349 imbecillitatis
701 2338 714 2359 ,
744 2303 879 2352 oblita
913 2305 1043 2351 etiam
1081 2305 1334 2353 firmiffimis
1363 2305 1589 2353 metuendi

295 2373 456 2431 maris,
476 2386 606 2438 caput
622 2376 741 2422 suum
764 2377 969 2440 periculis
986 2394 1070 2441 pro
1090 2378 1309 2441 sepultura
1332 2378 1496 2425 obiecit
1509 2413 1522 2429 ..
1543 2389 1588 2424 et

297 2446 406 2504 dum
425 2447 589 2511 cogitat
611 2448 665 2496 de
685 2448 772 2499 viri
794 2447 971 2508 funere,
991 2449 1098 2498 nihil
1118 2450 1172 2498 de
1192 2450 1271 2500 suo
1290 2449 1463 2498 timuit?
1486 2449 1529 2494 N
1532 2464 1587 2496 o-
