1741 2919
207 138 211 140 *
277 136 340 185 34
518 114 585 168 'L
634 122 937 167 ΑΝΝΑΕΙ
982 121 1336 168 SENECAE

272 230 347 277 sed
370 229 616 277 iracundus.
647 230 785 292 Atqui
813 230 843 275 fi
871 246 950 276 nec
977 246 1178 293 magnam
1199 230 1337 286 iram,
1372 246 1452 277 nec
1471 228 1564 278 fre-‘

275 317 484 368 quentem
504 341 519 360 ,
551 303 596 349 in
628 304 779 349 animo
807 303 1008 366 sapientis
1037 303 1185 349 locum
1222 304 1383 350 habere
1415 305 1564 351 credi-

275 393 375 423 mus
395 395 405 422 ε
428 376 537 439 quid
555 375 641 433 est,
669 393 802 439 quare
824 393 915 422 non
935 394 989 422 ex
1006 389 1108 423 toto
1124 409 1138 432 ‚
1162 377 1250 423 hoc
1268 376 1422 423 affeetu
1439 377 1563 423 illum

273 451 508 496 liberemus
529 450 546 496 ἓ
575 451 763 507 modus,
782 451 986 512 inquam,
1005 450 1089 496 effe
1113 467 1202 496 non
1221 449 1390 533 potest,
1421 451 1452 496 fi
1480 467 1563 513 pro

276 523 394 570 fasto
416 524 628 586 cuiusque
649 523 919 570 irascendum
947 523 1023 571 est.
1040 525 1155 571 Nam
1176 539 1248 572 aut
1265 525 1440 587 iniquus
1459 526 1565 580 erit,

276 597 307 642 fi
333 598 568 659 aequaliter
593 595 800 641 itascetur
828 597 995 643 deliffis
1021 598 1354 662 inaequalibus:
1380 610 1452 644 aut
1481 599 1569 645 ira-

276 671 409 718 cundi.
415 670 538 714 ffimu
541 685 560 714 s
576 700 588 722 ‚
613 668 641 714 fi
659 669 791 715 toties
811 670 1319 734 excandueri19quoties
1343 673 1452 717 iram
1472 671 1568 716 sce-

275 743 364 789 lera
397 742 651 789 rreruerint.
686 743 739 787 Et
771 759 812 805 q
807 741 878 788 tid
914 743 1166 806 indignius
1202 762 1334 806 quam
1367 745 1568 807 sapientis

277 817 478 864 aftefflum
502 833 558 861 ex
578 815 716 861 aliena
735 816 925 877 pendere
951 818 1168 880 nequitia
1161 823 1176 852 2
1205 817 1366 865 definet
1385 819 1454 864 ille
1479 820 1566 864 So-

275 902 415 936 crates
445 889 566 952 posse
590 889 778 934 eundem
803 888 973 936 vultum
1004 890 1189 937 domum
1213 889 1403 949 referre,
1434 907 1566 981 quem

278 966 421 1012 domo
443 964 667 1010 extulerat.

344 1041 439 1084 VH.
462 1036 596 1099 Atqui
621 1037 651 1081 fi
671 1036 793 1083 irasci
820 1035 989 1099 sapiens
1014 1037 1144 1085 debet
1161 1037 1348 1101 turpiter
1366 1037 1510 1097 faffis,
1527 1052 1572 1088 et

279 1111 490 1158 concitari
513 1109 757 1173 tristarique
778 1110 839 1156 ob
861 1111 1018 1157 scelera
1033 1147 1046 1168 ,
1067 1111 1173 1157 nihil
1192 1110 1252 1157 est
1269 1112 1572 1159 aerumnosius

278 1188 485 1250 sapiente.
520 1187 667 1234 omnis
704 1187 767 1232 illi
802 1205 880 1249 per
916 1187 1188 1234 iracundiam
1229 1204 1573 1251 moeroremque

278 1261 372 1307 vita
389 1261 594 1308 tranfibit.
622 1260 769 1320 Quod
787 1260 903 1306 enim
927 1258 1207 1307 momentum
1227 1261 1311 1308 erit
1324 1298 1338 1319 ‚
1370 1277 1462 1325 quo
1478 1278 1573 1307 non

279 1334 572 1397 improbanda
598 1334 776 1380 videat?
800 1333 972 1395 quoties
1001 1332 1261 1396 procefferit
1291 1334 1431 1380 domo
1447 1370 1462 1390 ,
1492 1350 1573 1396 per

281 1410 511 1456 sceleratos
537 1408 596 1453 {lli
612 1444 624 1463 ‚
651 1424 897 1470 avarosque
913 1443 925 1465 ,
946 1422 990 1454 et
1011 1407 1224 1470 prodigos
1239 1443 1252 1464 ‚
1273 1420 1317 1454 et
1334 1407 1573 1470 impuden-

278 1499 371 1537 tes,
398 1494 440 1528 et
471 1481 532 1528 ob
564 1481 640 1528 ista
670 1479 817 1528 felices
836 1516 849 1537 ‚
882 1480 1177 1527 incedendum
1206 1480 1288 1527 erit
1318 1499 1328 1527 z
1358 1480 1572 1543 nusquam

279 1555 399 1602 oculi
421 1555 512 1602 eius
543 1554 803 1609 fleftentur‚
833 1566 882 1599 ut
904 1569 994 1598 non
1015 1554 1138 1614 quod
1166 1553 1469 1617 indignentur,
1500 1553 1572 1598 in-

277 1629 473 1675 veniant.
533 1627 757 1683 Deficiet,
784 1627 814 1672 fi
838 1627 968 1674 toties
992 1644 1014 1672 a
1040 1627 1082 1674 se
1097 1627 1228 1682 iram,
1253 1626 1426 1690 quoties
1451 1625 1575 1673 causa

279 1701 433 1765 poscet
446 1739 459 1758 ‚
471 1702 676 1765 exegerit.
694 1701 814 1748 Haec
833 1712 901 1747 tot
918 1700 1055 1747 millia
1071 1702 1126 1748 ad
1148 1700 1297 1748 forum
1314 1701 1454 1763 prima
1473 1700 1573 1746 luce

282 1776 566 1839 properantia
579 1812 594 1835 ‚
613 1791 748 1839 quam
767 1787 915 1838 turpes
930 1774 1026 1822 lites
1039 1811 1051 1832 ,
1071 1787 1236 1839 quanto
1258 1774 1478 1837 turpiores
1497 1774 1575 1820 ad-

281 1863 472 1897 vocatos
500 1849 691 1896 habent?
724 1849 848 1896 Alius
874 1849 1034 1896 iudicia
1066 1849 1203 1913 patris
1228 1848 1397 1896 accusat
1413 1883 1428 1906 ,
1461 1862 1573 1910 quae

282 1922 443 1969 mereri
469 1921 596 1968 satius
626 1920 709 1968 fuit
737 1941 745 1965 ε
773 1921 879 1969 alius
907 1939 1011 1969 cum
1041 1934 1180 1968 matre
1208 1919 1402 1967 confistit
1428 1937 1440 1966 :
1469 1919 1576 1966 alius

282 1996 454 2042 delator
468 1995 592 2044 venit
608 1996 701 2043 eius
721 1995 914 2044 criminis
927 2029 940 2052 ,
961 1996 1082 2043 cuius
1098 1994 1369 2042 manifestior
1384 2009 1483 2040 reus
1499 1992 1574 2038 est.

281 2083 326 2115 et
346 2069 478 2114 iudex
499 2069 780 2115 damnaturus
806 2085 916 2132 quae
944 2068 1078 2127 fecit,
1102 2068 1304 2132 eligitur:
1336 2079 1378 2115 et
1403 2081 1572 2114 corona

282 2157 366 2204 pro
393 2140 506 2187 mala
528 2140 653 2188 causa
669 2176 683 2199 ‚
713 2139 831 2186 bona
853 2143 1030 2204 patroni
1053 2157 1168 2188 voce
1196 2150 1417 2201 corrupta.
1449 2136 1574 2198 Quid

280 2215 445 2278 fingula
475 2214 746 2278 persequor?
780 2232 881 2261 cum
913 2215 1078 2262 videris
1107 2214 1260 2260 forum
1291 2211 1574 2258 multitudine

284 2287 502 2334 refertum
514 2324 526 2344 ‚
544 2299 587 2333 et
603 2289 732 2350 Septa
745 2287 962 2335 concursu
976 2287 1122 2334 omnis
1139 2285 1408 2348 frequentiae
1425 2285 1570 2348 plena,

283 2373 329 2406 et
348 2359 471 2404 illum
492 2361 674 2406 Circum
692 2396 706 2417 ‚
728 2361 773 2405 in
791 2377 884 2423 quo
904 2361 1141 2407 maximam
1159 2358 1221 2404 sui
1241 2370 1410 2421 partem
1430 2373 1574 2420 popu-
1611 2401 1621 2413 ,

285 2432 354 2479 lus
382 2432 602 2480 ostendit:
631 2434 720 2482 hoc
744 2432 856 2480 scito
879 2469 894 2491 ,
923 2433 1017 2481 istic
1042 2431 1298 2479 tantundem
1325 2430 1410 2478 effe
1436 2429 1574 2478 vitio-
