1741 2919
339 135 430 182 ,294
580 121 629 167 L.
681 120 985 168 ΑΝΝΑΕῐ
1034 120 1379 171 SENECAE

330 240 417 280 tem
441 228 806 276 contumeliarum
826 228 999 292 superbi
1018 229 1341 293 insolentesque
1358 229 1542 288 faciant,
1563 242 1607 278 et

328 299 442 344 male
471 298 720 347 felicitatem
741 300 929 349 ferentes
949 319 958 346 ε
977 301 1105 347 habet
1129 318 1221 365 quo
1242 301 1369 348 istum
1400 300 1604 351 affefihtm

328 373 524 420 inflatum
556 375 749 437 respuat,
779 376 1115 438 pulcherrimam
1138 377 1344 424 virtutem
1372 376 1570 423 omnium
1589 412 1606 435 ,

329 448 463 493 animi
485 449 725 504 sanitatem,
744 450 1191 513 magnitudinemque.
1208 451 1280 498 illa
1301 450 1513 514 quidquid
1532 450 1605 496 hu·

329 519 521 567 iusmodi
549 521 635 578 est,
662 523 943 578 transcurrit,
964 535 1014 570 ut
1043 541 1176 571 vanas
1207 523 1480 570 somniorum
1507 522 1606 585 spe·

329 594 416 640 cies
436 631 448 649 ‚
487 595 688 657 visusque
720 598 985 652 nocturnos,
1011 596 1120 643 nihil
1150 597 1356 644 habentes
1382 596 1508 642 solidi
1536 609 1603 642 at»

328 682 414 728 que
436 666 541 713 veri.
575 668 711 714 Simul
736 668 840 714 illud
871 669 1061 732 cogitat,
1096 685 1249 716 omnes
1278 668 1509 718 inferiores
1540 666 1606 714 es-

327 737 393 794 se,
415 756 545 801 quam
576 753 624 786 ut
646 740 725 786 illis
749 739 926 787 audacia
945 740 995 786 fit
1010 776 1024 798 ‚
1048 752 1173 788 tanto
1198 740 1432 787 excelsiora
1462 738 1604 800 despi⁸

327 826 440 858 cere.
465 813 746 858 Contumelia
770 830 793 859 a
818 825 1045 862 contemtu
1071 812 1184 860 dista
1205 812 1264 859 est
1286 830 1295 858 :
1321 813 1421 876 quia
1446 828 1606 869 nemo,

327 885 405 931 nisi
428 903 560 949 quem
588 887 850 945 contemsit,
874 887 948 934 tali
975 887 1131 934 iniuria
1156 898 1289 933 notat.
1310 904 1442 934 nemo
1461 898 1607 933 autem

327 960 542 1007 maiorem
573 961 894 1026 melioremque
921 962 1190 1019 contemnit,
1209 960 1373 1009 etiamsi
1397 960 1503 1007 facit
1530 962 1608 1009 ali-

328 1034 436 1098 quid
467 1037 589 1099 quod
619 1050 952 1086 contemnentes
982 1038 1135 1085 solent.
1178 1038 1292 1083 Nam
1324 1050 1366 1084 et
1398 1037 1525 1100 pueri
1558 1054 1609 1084 os

329 1123 556 1172 parentum
587 1111 777 1171 feriunt,
809 1126 851 1160 et
875 1113 1015 1160 crines
1046 1112 1194 1159 matris
1216 1111 1410 1159 turbavit
1441 1112 1607 1159 lacera-

326 1183 484 1245 vitque
501 1184 664 1241 infans,
694 1199 737 1233 et
763 1185 891 1249 sputo
912 1183 1108 1248 aspersit,
1127 1199 1200 1231 aut
1227 1182 1408 1230 nudavit
1428 1183 1472 1229 in
1493 1199 1606 1230 con-

324 1255 469 1316 speetu
517 1255 694 1302 suorum
729 1259 914 1319 tegenda
939 1291 952 1313 ‚
986 1267 1028 1303 et
1060 1256 1208 1304 verbis
1240 1256 1608 1304 obscoenioribus

326 1344 418 1373 non
438 1328 637 1390 pepercit
656 1347 667 1376 ε
693 1342 736 1375 et
756 1329 863 1375 nihil
889 1329 1050 1375 horum
1070 1329 1381 1376 contumeliam
1408 1329 1608 1377 dicimus,

325 1401 490 1462 quare?
519 1402 622 1463 quia
643 1403 719 1465 qui
747 1402 878 1462 fecit,
905 1415 1191 1450 contemnere
1215 1418 1306 1448 non
1333 1401 1487 1463 potest.
1524 1405 1606 1450 Ea-

326 1473 426 1521 dem
450 1474 573 1520 causa
593 1473 654 1520 est
668 1511 679 1531 ,
701 1492 777 1522 cur
802 1492 882 1522 nos
903 1474 1226 1537 mancipiorum
1256 1473 1507 1521 nostrorum
1528 1493 1606 1522 ur-

324 1546 513 1601 banitas,
532 1548 577 1593 in
596 1548 802 1595 dominos
823 1547 1136 1594 contumeliosa
1150 1583 1164 1605 ,
1185 1545 1394 1594 delectet:
1415 1563 1607 1610 quorum

323 1622 500 1667 audacia
531 1622 590 1668 ita
617 1623 794 1669 demum
817 1622 893 1668 fibi
911 1622 956 1668 in
975 1621 1193 1669 convivas
1215 1621 1282 1667 ius
1299 1619 1427 1679 facit,
1447 1620 1477 1667 si
1497 1638 1606 1669 coe-

324 1695 390 1756 pit
411 1712 433 1740 a
454 1696 655 1742 domino.
691 1700 753 1744 Ut
780 1698 966 1759 quisque
993 1694 1384 1752 contemtiffimus‚
1413 1706 1456 1741 et
1486 1695 1604 1742 ludi-

324 1767 424 1814 brio
451 1767 539 1826 est,
564 1769 623 1816 ita
644 1769 921 1816 solutiffimae
942 1768 1113 1832 linguae
1134 1767 1206 1817 est.
1241 1769 1403 1815 Pueros
1423 1769 1604 1832 quidem

323 1839 370 1886 in
391 1842 479 1888 hoc
502 1855 750 1890 mercantur
776 1858 1011 1906 procaces,
1035 1853 1078 1889 et
1102 1858 1259 1889 eorum
1286 1841 1605 1903 impudentiam

322 1928 515 1970 acuunt,
543 1931 586 1961 et
607 1915 684 1961 sub
711 1914 919 1979 magistro
951 1914 1136 1972 habent,
1162 1914 1238 1977 qui
1273 1914 1436 1976 probra
1462 1914 1605 1960 medi·

321 1996 408 2034 tate
440 1987 667 2037 effundant
694 2007 706 2037 :
730 2004 810 2037 nec
841 1988 916 2037 has
948 1987 1234 2038 contumelias
1262 2003 1502 2043 vocamus,
1529 1986 1617 2055 sed?

322 2061 522 2124 argutias.

386 2134 485 2180 ΧΠ.
527 2136 702 2195 Quanta
730 2146 874 2182 autem
913 2136 1130 2183 dementia
1160 2135 1246 2195 est,
1277 2135 1429 2184 iisdem
1463 2136 1606 2184 modo

321 2207 520 2262 delectari
540 2244 553 2266 ,
583 2210 726 2256 modo
760 2209 928 2256 offendi
952 2227 963 2256 :
994 2221 1037 2257 et
1069 2227 1162 2258 rem
1188 2211 1241 2256 ab
1270 2210 1416 2259 amico
1443 2211 1603 2257 dictam

320 2276 597 2327 maledictum
623 2297 810 2329 vocare:
828 2299 855 2328 a
873 2282 1046 2330 servulo
1062 2319 1075 2341 ,
1096 2283 1289 2330 ioculare
1309 2282 1564 2330 convicium
1583 2283 1602 2330 ?

320 2354 470 2413 Quem
498 2354 693 2402 animum
716 2372 796 2403 nos
822 2355 1031 2405 adversus
1051 2373 1212 2420 pueros
1236 2356 1465 2414 habemus,
1489 2356 1605 2402 hunc

319 2428 488 2491 sapiens
515 2429 720 2484 adversus
749 2446 904 2481 omnes
921 2467 937 2489 ‚
964 2429 1120 2495 quibus
1150 2430 1281 2479 etiam
1315 2430 1413 2496 post
1446 2430 1603 2479 iuven·
