1741 2919
315 154 404 200 160
569 152 617 198 L.
668 150 957 198 ΑΝΝΑΕΙ
1006 151 1359 200 SENECAE

243 295 260 302 -
308 272 407 315 tus,
439 257 515 322 qui
547 258 715 304 nullum
742 256 936 305 frustum
956 257 1040 305 effe
1074 270 1193 321 putat
1225 259 1448 306 bonorum
1467 295 1481 319 ‚
1518 259 1597 308 nifi

309 329 626 394 praesentium,
653 329 730 392 qui
768 345 859 375 non
891 342 935 376 et
968 329 1013 376 in
1052 330 1297 393 praeteritis
1329 331 1599 394 acquiescit,

308 418 352 450 et
370 420 419 450 ea
435 402 595 449 iudicat
616 401 801 448 certiora
825 418 937 465 quae
957 402 1157 457 abierunt
1173 438 1186 459 ,
1208 403 1311 466 quia
1334 403 1388 449 de
1406 403 1489 450 illis
1504 439 1518 462 ‚
1540 421 1597 451 ne

309 475 528 533 desinant,
550 492 642 521 non
661 474 722 522 est
751 475 1012 523 timendum.
1045 475 1188 522 Nimis
1217 475 1413 539 angustat
1443 476 1597 540 gaudia

309 548 383 594 sua
400 585 412 605 ‚
436 548 514 612 qui
533 547 594 594 eis
612 548 925 594 tantummodo
944 565 1054 611 quae
1072 548 1203 596 habet
1222 566 1272 596 ac
1291 548 1438 607 videt,
1455 549 1539 596 frui
1556 549 1599 596 se

309 633 432 684 putat
451 656 466 679 ,
489 636 532 667 et
553 619 745 666 habuiffe
769 620 921 666 eadem
943 637 1025 682 pro
1047 621 1186 667 nihilo
1207 621 1340 669 ducit.
1365 621 1457 668 cito
1478 620 1596 669 enim

311 711 395 740 nos
429 693 574 740 omnis
594 693 801 756 voluptas
825 693 1066 757 relinquit,
1099 711 1209 758 quae
1229 694 1327 742 fluit
1347 708 1390 743 et
1412 695 1564 742 transit
1581 731 1599 753 ‚

311 783 356 815 et
376 785 512 830 paene
528 779 763 831 antequam
787 767 965 823 veniat,
992 767 1201 815 aufertur.
1237 773 1387 832 ltaque
1403 768 1448 815 in
1470 785 1598 832 prae—

312 843 491 888 teritum
519 855 693 902 tempus
715 839 884 887 animus
914 840 1150 887 mittendus
1181 839 1274 899 est,
1303 853 1346 888 et
1376 841 1596 905 quidquid

309 933 394 963 nos
413 932 605 978 unquam
637 914 870 961 deleciavit
891 949 904 971 ‚
935 914 1264 969 reducendum,
1294 931 1345 961 ac
1374 913 1597 978 frequenti
1654 916 1658 921 ’

310 989 578 1052 cogitatione
612 986 962 1049 pertractandum
989 985 1063 1033 est.
1109 986 1307 1050 Longior
1336 985 1596 1050 fideliorque

310 1064 373 1110 est
407 1061 625 1109 memoria
651 1061 959 1123 voluptatum,
994 1076 1126 1123 quam
1161 1059 1415 1122 praesentia.
1437 1060 1594 1120 ·Quod

309 1135 496 1182 habuisti
514 1151 623 1197 ergo
643 1133 863 1197 optimum
884 1132 1080 1190 fratrem,
1098 1134 1144 1179 in
1164 1133 1343 1180 summis
1362 1133 1489 1180 bonis
1511 1149 1595 1195 po-

308 1230 380 1260 ne.
421 1212 528 1257 Non
558 1209 620 1256 est
647 1209 770 1274 quod
803 1209 1001 1271 cogites,
1037 1222 1203 1271 quanto
1238 1208 1399 1256 diutius
1433 1209 1595 1254 habere

308 1284 529 1349 potueris,
546 1283 618 1329 sed
637 1281 848 1346 quamdiu
873 1281 1086 1329 habueris.
1114 1283 1274 1328 Rerum
1297 1293 1449 1329 natura
1470 1282 1595 1328 illum

310 1358 418 1417 tibi,
436 1357 544 1404 ficut
562 1355 716 1403 ceteris
740 1355 966 1413 fratribus,
994 1372 1086 1401 non
1107 1354 1330 1418 mancipio
1353 1354 1498 1413 dedit,
1520 1354 1593 1401 sed

310 1431 622 1483 commodavit
643 1449 653 1477 :
679 1447 780 1476 cum
804 1429 945 1477 visum
971 1428 1032 1475 est
1058 1428 1246 1486 deinde,
1277 1428 1477 1492 repetiit,
1511 1444 1595 1474 nec

311 1520 430 1555 tuam
457 1506 504 1552 in
534 1521 590 1553 eo
620 1504 854 1551 satietatem
886 1505 1032 1551 secuta
1056 1504 1146 1561 est,
1178 1502 1250 1549 sed
1280 1503 1399 1550 suam
1429 1503 1589 1566 legem.

310 1582 352 1628 Si
380 1579 474 1644 quis
501 1577 732 1641 pecuniam
757 1577 970 1635 creditam
998 1576 1172 1624 solviss'e
1192 1576 1232 1623 se
1253 1575 1432 1623 moleste
1460 1575 1594 1634 ferat,

311 1669 409 1700 eam
450 1650 701 1715 praesertim
737 1650 859 1696 cuius
897 1649 1021 1695 usum
1064 1648 1298 1713 gratuitum
1337 1647 1593 1709 acceperit,

311 1742 460 1774 nonne
489 1723 670 1770 iniustus
693 1723 962 1770 habebitur?
1003 1723 1141 1770 Dedit
1175 1736 1328 1769 natura
1359 1721 1481 1767 fratri
1514 1736 1595 1772 tuo

311 1801 476 1855 vitam,
507 1798 625 1844 dedit
647 1810 689 1844 et
711 1797 791 1844 tibi
817 1815 828 1843 ε
857 1813 966 1860 quae
991 1797 1067 1843 suo
1092 1797 1188 1844 iure
1217 1798 1288 1843 usa
1304 1833 1319 1855 2
1341 1814 1364 1843 a
1391 1814 1484 1860 quo
1507 1813 1597 1844 vo*-

309 1872 393 1918 luit
422 1870 618 1917 debitum
649 1870 774 1916 suum
802 1869 927 1917 citius
963 1868 1123 1932 exegit.
1164 1886 1255 1915 non
1285 1869 1356 1914 illa
1385 1870 1429 1916 in
1464 1870 1595 1933 culpa

309 1944 392 1998 est,
415 1943 538 1990 cuius
556 1956 661 1989 nota
681 1956 772 1990 erat
790 1942 1020 2001 conditio,
1040 1943 1111 1989 sed
1130 1942 1326 1989 mortalis
1345 1943 1479 1989 animi
1497 1943 1594 2006 spes

308 2015 438 2061 avida
457 2048 470 2072 ‚
497 2031 609 2077 quae
633 2015 814 2062 subinde
838 2016 947 2079 quid
970 2033 1120 2063 rerum
1150 2029 1304 2063 natura
1331 2016 1381 2062 fit
1404 2017 1592 2064 oblivis-

307 2087 450 2142 citur,
487 2103 569 2134 nec
604 2104 796 2150 unquam
828 2088 955 2135 sortis
992 2088 1091 2135 suae
1120 2088 1348 2148 meminit,
1378 2089 1456 2135 nisi
1493 2107 1594 2137 cum

308 2161 592 2206 admonetur.
627 2161 782 2207 Gaude
817 2161 964 2224 itaque
990 2160 1187 2208 habuiffe
1219 2177 1262 2208 te
1297 2175 1387 2208 tam
1424 2163 1594 2210 bonum

309 2233 518 2291 fratrem,
539 2248 581 2280 et
600 2235 917 2282 usumfructum
938 2234 1032 2282 eius
1049 2271 1062 2292 ‚
1090 2236 1295 2299 quamvis
1314 2236 1496 2284 brevior
1513 2253 1594 2285 vo·

311 2321 359 2354 to
391 2309 471 2355 tuo
502 2308 659 2367 fuerit,
684 2311 791 2356 boni
823 2309 1014 2356 consule.
1049 2310 1208 2373 Cogita
1236 2310 1594 2358 iucundissimum

309 2381 426 2438 effe,
462 2383 584 2444 quod
622 2381 838 2438 habuisti3
881 2383 1119 2428 humanum
1143 2418 1156 2440 9
1191 2383 1315 2445 quod
1353 2382 1592 2445 perdzciisti.

309 2453 404 2501 Nec
434 2454 550 2501 enim
586 2456 828 2520 quidquam
860 2455 1003 2503 minus
1037 2457 1148 2503 inter
1181 2456 1222 2503 se
1255 2456 1592 2503 consentaneum
