1741 2919
290 127 382 175 266
516 129 565 174 L.
619 129 926 175 ANNAEI
982 128 1346 176 SENECAE

284 248 386 281 ante
411 233 451 280 se
475 235 661 282 armabit
680 271 694 291 ,
714 253 847 299 quam
874 248 1062 299 petatur.
1093 238 1205 283 Sero
1224 234 1392 285 animus
1416 237 1471 285 ad
1493 247 1576 301 pe*

285 307 538 355 ficulni-um
558 310 809 371 patientiam
843 310 940 374 post
975 311 1166 374 pericula
1194 311 1434 359 instruitur.
1468 314 1577 360 Non

285 381 443 444 putavi
475 381 561 429 hoc
582 381 793 430 futurum.
822 402 1044 448 nunquam
1069 384 1156 430 hoc
1186 397 1446 431 eventurum
1476 401 1576 432 cre-

287 453 506 501 didiffem.
536 457 687 515 Quare
719 471 864 503 autem
896 458 1023 504 non?
1059 459 1188 518 Quae
1222 458 1317 505 sunt
1349 458 1532 516 divitiae
1560 491 1578 516 ‚

212 540 215 545 ·
285 543 394 589 quas
421 544 512 573 non
530 528 688 592 egestas
704 562 717 580 ..
738 544 780 576 et
801 530 937 577 fames
954 567 968 588 ‚
987 546 1030 578 et
1050 532 1309 579 mendicitas
1329 549 1351 578 a
1370 544 1496 595 tergo
1514 532 1580 579 se-

286 603 480 664 quatur?
519 605 647 663 Quae
681 605 864 668 dignitas
884 640 899 662 ,
930 606 1055 652 cuius
1084 623 1177 652 non
1209 617 1474 668 praetextam
1493 642 1508 665 ‚
1538 617 1582 653 et

284 678 490 740 augurale
508 715 521 737 ‚
541 692 583 726 et
612 680 707 728 lora
731 681 907 743 patricia
923 717 937 739 ,
957 697 1000 728 et
1028 680 1177 728 sordes
1209 680 1480 729 comitentur
1498 717 1512 737 ,
1537 693 1583 728 et

285 750 545 812 exportatio
564 787 578 807 ‚
607 764 650 798 et
677 766 806 800 notae
821 789 836 812 ‚
860 767 903 800 et
924 752 1042 800 mille
1070 754 1264 800 maculae
1280 786 1294 809 ,
1326 766 1371 801 et
1389 765 1583 801 extrema

283 823 571 871 contemtio?
612 826 751 884 Quod
786 842 969 889 regnum
1002 824 1096 883 est,
1130 824 1201 874 cui
1232 843 1326 872 non
1360 840 1505 888 parata
1534 824 1585 873 fit

285 898 438 954 ruina,
460 912 503 945 et
524 899 801 961 proculcatio
823 936 835 958 ‚
853 913 896 946 et
926 899 1158 955 dominus,
1184 913 1228 947 et
1251 900 1479 948 carnifex?
1501 916 1586 948 nec

287 972 458 1034 magnis
484 972 558 1018 ista
589 973 825 1020 intfrvallis
853 973 1017 1030 divisa,
1050 973 1124 1020 sed
1150 973 1287 1019 horae
1307 983 1585 1020 momentum

287 1043 465 1090 interest
498 1044 612 1091 inter
639 1045 797 1091 solium
829 1058 872 1092 et
903 1046 1040 1091 aliena
1081 1061 1237 1109 genua.
1291 1045 1410 1092 Scito
1444 1061 1552 1108 ergo
1571 1078 1587 1103 ,

288 1121 472 1164 omnem
498 1119 803 1165 conditionem
824 1119 1080 1166 versabilem-
1109 1118 1221 1173 effe3
1249 1129 1291 1164 et
1310 1117 1526 1181 quidquid
1542 1117 1589 1164 in

289 1192 422 1239 ullum
450 1192 663 1249 incurrit,
691 1192 814 1253 posse
848 1193 894 1237 in
912 1205 953 1238 te
978 1209 1163 1254 quoque
1185 1193 1422 1237 incurrere.
1446 1193 1590 1236 Locu-

290 1263 384 1326 ples
408 1264 481 1309 es?
518 1265 735 1326 numquid
769 1264 904 1311 ditior
934 1264 1189 1326 Pompeio?
1225 1263 1297 1310 cui
1329 1280 1430 1310 cum
1458 1262 1591 1308 Caius

290 1351 417 1383 vetus
450 1349 686 1398 cognatus,
725 1336 885 1398 hospes
926 1353 1106 1394 novus,
1137 1335 1372 1399 aperuisset
1398 1334 1593 1382 Caesaris

294 1410 478 1455 domum
491 1446 503 1464 ‚
524 1424 573 1456 ut
589 1410 707 1456 suam
727 1411 940 1465 eluderet,
969 1409 1110 1456 defuit
1125 1410 1246 1472 panis
1264 1420 1307 1457 et
1325 1426 1436 1472 aqua
1456 1425 1467 1453 ε
1488 1424 1593 1455 cum

292 1495 361 1530 tot
391 1483 574 1528 flumina
602 1484 840 1549 poffideret
861 1484 906 1529 in
927 1483 1006 1529 suo
1036 1482 1245 1540 orientia,
1268 1494 1311 1528 et
1336 1481 1413 1529 suo
1433 1480 1589 1528 caden-

297 1554 356 1600 tia
370 1590 385 1609 ‚
406 1554 676 1600 mendicavit
702 1554 915 1601 stillicidia
934 1572 944 1600 :
968 1548 1084 1601 fame
1103 1569 1154 1599 ac
1172 1552 1239 1599 sni
1269 1552 1426 1614 periit,
1447 1551 1493 1598 in
1512 1565 1593 1612 pa·

298 1627 405 1673 latio
428 1627 636 1687 cognati,
656 1628 762 1672 dum
780 1627 840 1673 illi
855 1621 980 1674 heres
999 1626 1224 1690 publicum
1240 1624 1373 1672 funus
1389 1622 1595 1672 esurienti

298 1700 429 1748 locat.
459 1700 721 1747 Honoribus
748 1700 928 1747 summis
962 1699 1136 1748 functus
1168 1699 1248 1747 es?
1274 1697 1490 1762 numquid
1521 1709 1596 1744 aut

302 1785 393 1819 tam
425 1773 617 1836 magnis,
645 1788 718 1820 aut
739 1789 829 1820 tam
853 1774 1106 1836 insperatis,
1137 1788 1212 1820 aut
1236 1784 1325 1819 tam
1350 1770 1561 1820 universis
1579 1806 1596 1831 ,

303 1861 437 1908 quam
471 1845 683 1894 Seianus?
715 1846 825 1906 Quo
853 1845 924 1893 die
959 1846 1085 1893 illum
1120 1846 1288 1892 senatus
1325 1844 1597 1902 deduxerat,

303 1920 497 1984 populus
524 1920 568 1966 in
591 1920 724 1968 frusta
751 1920 923 1970 divisit:
955 1921 1000 1968 in
1027 1938 1160 1985 quem
1181 1919 1398 1985 quidquid
1417 1919 1598 1982 congeri

306 2004 481 2055 poterat
496 2029 509 2051 ‚
531 1993 591 2040 dii
615 1993 907 2056 hominesque
928 1993 1204 2040 contulerant
1222 2029 1235 2051 ,
1253 2009 1307 2039 ex
1325 2008 1381 2039 eo
1402 1990 1510 2038 nihil
1530 1991 1598 2037 su-

307 2065 499 2133 perfuit,
536 2067 661 2130 quod
697 2067 892 2113 carnifex
927 2068 1128 2114 traheret.
1164 2068 1263 2113 Rex
1300 2065 1375 2112 es?
1415 2080 1507 2111 non
1543 2063 1600 2110 ad

311 2143 529 2189 Croesum
565 2154 607 2189 te
644 2144 814 2189 mittam
835 2179 847 2200 ,
888 2142 964 2206 qui
988 2159 1150 2206 rogum
1183 2141 1305 2188 suum
1332 2153 1376 2187 et
1407 2138 1601 2188 escendit

311 2215 441 2262 iussus
457 2252 468 2273 ‚
490 2230 534 2263 et
561 2215 762 2280 extingui
784 2215 898 2264 vidit
912 2250 925 2271 ,
956 2215 1089 2265 fastus
1114 2231 1206 2261 non
1236 2230 1376 2277 regno
1395 2225 1566 2260 tan-tum
1584 2246 1602 2270 ,

312 2288 387 2336 sed
411 2289 541 2335 etiam
569 2291 704 2336 morti
735 2288 831 2337 suae
852 2289 1059 2352 superstes
1080 2306 1092 2335 ε
1114 2304 1206 2334 non
1234 2288 1288 2334 ad
1308 2286 1559 2349 Iugurtham
1583 2316 1603 2340 ,

315 2377 449 2424 quem
479 2362 668 2424 populus
697 2365 923 2407 Romanus
949 2361 1060 2407 intra
1091 2376 1254 2406 annum
1283 2375 1415 2422 quam
1439 2358 1603 2405 timue-

318 2447 411 2490 tat,
443 2435 666 2497 spec‘kavit.
695 2434 1001 2483 Ptolemaeum
1029 2432 1202 2480 Africae
1234 2447 1414 2495 regem,
1441 2433 1605 2479 Armeae
