1741 2919
493 188 596 237 DE
650 189 784 236 xaA
838 190 972 235 ΜΒ.
1018 189 1117 236 ΠΙ.
1383 189 1440 251 83

148 297 321 349 occisos
338 297 384 345 in
408 298 646 362 conspestu
673 298 867 361 parentis
893 298 1082 357 abiecit,
1105 296 1291 345 crudelis
1321 295 1447 345 futu-

147 388 222 419 rus
237 407 252 431 ,
273 371 303 418 fi
326 387 481 418 omnes
507 371 766 418 abduxisset.
1060 361 1063 367 ⁴
1283 367 1285 369 ’

214 448 360 494 XVII.
396 451 454 493 At
487 459 658 510 quanto
698 447 870 493 Xerxes
900 446 1112 494 facilior?
1144 447 1220 512 qui
1249 448 1451 513 Pythio,-

149 522 347 586 quinque
379 519 572 567 filiorum
600 521 714 583 patri
739 557 753 579 ,
777 522 905 568 unius
937 523 1216 570 vacationem
1249 524 1448 586 petenti,

150 612 284 659 quem
312 593 472 649 vellet,
504 593 666 656 eligere
694 594 889 656 permisit
912 595 1104 642 :deinde
1136 612 1268 659 quem
1298 597 1449 660 elege-

148 682 241 728 rat,
263 670 308 716 in
330 680 474 732 partes
498 668 602 714 duas
621 667 872 715 distrafilum
900 670 954 715 ab
978 665 1169 733 utroque
1187 669 1287 717 viae
1312 671 1448 718 latere

148 742 295 806 posuit
321 778 335 800 ,
371 754 416 789 et
445 741 528 788 hac
553 740 737 787 viffima
770 741 968 789 lustravit
994 744 1249 789 exercitum.
1282 742 1452 792 Habuit

148 816 298 881 itaque
317 834 452 882 quem
474 816 628 863 debuit
650 816 832 862 exitum.
870 816 1033 874 viilus,
1058 830 1101 863 et
1123 817 1204 864 late
1226 817 1452 882 longeque

149 890 269 939 fusus
286 927 300 950 ‚
319 907 369 938 ac
391 890 566 937 stratam
590 889 758 952 ubique
784 888 956 935 ruinam
979 888 1100 935 suam
1123 906 1306 938 cernens
1321 924 1335 946 ‚
1357 909 1454 940 me-

150 964 246 1013 dius
271 964 388 1011 inter
417 964 598 1010 suorum
638 963 854 1009 cadavera
884 962 1066 1010 inceffit.
1098 964 1223 1011 Haec
1258 966 1455 1015 barbaris

148 1037 328 1103 regibus
359 1020 508 1083 ffessitas
529 1036 574 1082 in
594 1035 656 1082 ira
683 1035 796 1083 fuit:
824 1053 937 1100 quos
965 1037 1081 1083 nulla
1101 1038 1319 1097 eruditiO,
1350 1041 1455 1088 nul-

147 1112 215 1160 lus
233 1111 458 1159 literarum
479 1108 623 1156 cultus
641 1108 872 1156 imbuerat.
909 1110 1047 1155 Dabo
1065 1110 1143 1156 tibi
1161 1127 1215 1157 ex
1231 1111 1451 1161 Aristote-

150 1187 204 1233 lis
235 1186 329 1232 finu
354 1200 504 1247 regem
532 1184 855 1240 Alexandrum,
887 1183 964 1246 qui
986 1182 1153 1230 Clitum
1186 1185 1455 1234 cariffimum

149 1259 228 1308 fibi
242 1271 286 1308 et
303 1275 388 1306 una
410 1259 644 1304 educatum
659 1289 673 1312 ,
697 1257 812 1304 inter
832 1258 982 1320 epulas
999 1257 1239 1306 transfodit
1255 1295 1269 1315 ,
1293 1273 1336 1306 et
1353 1278 1452 1308 ma==

151 1351 214 1381 nu
234 1333 417 1398 quidem
442 1330 542 1389 sua,
572 1348 729 1394 parum
750 1331 999 1377 adulantem
1019 1367 1030 1386 ‚
1062 1344 1106 1377 et
1130 1332 1255 1395 pigre
1275 1351 1329 1380 ex
1350 1337 1456 1382 Ma-

151 1406 325 1454 cedone
357 1421 407 1452 ac
442 1403 585 1450 libero
616 1403 661 1449 in
693 1403 903 1449 Perficam
933 1402 1191 1450 servitutem
1223 1406 1456 1454 transeunss

150 1480 258 1525 tem!
276 1478 390 1535 Nam
409 1476 720 1542 Lysimachum
738 1509 752 1531 ,
773 1493 911 1539 aeque
932 1475 1189 1523 familiarem
1211 1477 1311 1535 fibi,
1334 1478 1454 1526 leoni

141 1550 334 1599 obiecit.
377 1551 609 1616 Numquid
643 1568 753 1615 ergo
785 1552 858 1598 bic
891 1551 1206 1615 Lysimachus,
1240 1551 1455 1601 felicitate

147 1625 342 1689 quadam
373 1623 578 1671 dentibus
610 1624 754 1670 leonis
786 1626 980 1686 elapsus,
1016 1624 1078 1669 ob
1106 1624 1193 1670 hoe
1228 1642 1328 1670 cum
1358 1625 1454 1689 ipse

147 1712 353 1761 regnaret
370 1732 385 1754 ,
417 1694 569 1742 mitior
592 1693 675 1741 fuit
696 1695 712 1742 ?
735 1697 850 1741 Nam
871 1695 1205 1757 Telesphorum,
1218 1698 1452 1747 Rhodium

149 1772 345 1819 amicum
379 1771 503 1817 suum
538 1770 736 1833 undique
771 1770 1078 1827 decurtatum,
1113 1787 1214 1817 cum
1241 1788 1365 1818 aures
1390 1771 1453 1820 illi

149 1836 390 1907 nasumque
417 1843 690 1901 abscidisset,
717 1843 761 1889 in
790 1859 925 1890 cavea
947 1841 1069 1888 velut
1091 1858 1260 1889 novum
1290 1842 1452 1890 animal

149 1918 333 1983 aliquod
353 1929 396 1964 et
416 1915 663 1964 inusitatum
687 1916 763 1963 diu
785 1916 906 1979 pavit
926 1933 936 1962 ε
963 1933 1063 1962 cum
1094 1915 1185 1962 oris
1206 1916 1454 1970 detruncati

150 1991 429 2055 mutilatique
450 1990 708 2039 deformitas
735 1991 967 2036 humanam
998 1989 1155 2037 faciem
1182 1993 1451 2054 perdidisset.

153 2065 405 2113 Accedebat
435 2064 571 2112 fames
592 2077 635 2111 et
665 2064 839 2128 squalor
860 2076 903 2111 et
931 2063 1104 2111 illuvies
1137 2067 1342 2127 corporis
1360 2102 1375 2125 ‚
1404 2068 1452 2116 in

150 2138 346 2185 stercore
383 2135 464 2184 suo
503 2136 726 2193 destituti,
761 2135 933 2183 callosis
965 2137 1092 2199 super
1126 2137 1233 2184 haec
1269 2139 1452 2201 genibus

150 2212 462 2276 manibusque,
487 2229 596 2276 quas
614 2211 659 2258 in
680 2211 801 2259 usum
827 2211 988 2274 pedum
1009 2211 1228 2274 angustiae
1254 2213 1345 2259 loci
1368 2230 1451 2261 co-

149 2290 324 2354 gebant.
344 2289 548 2337 lateribus
567 2304 680 2335 vero
706 2287 853 2334 attritu
872 2288 1134 2333 exulceratis
1151 2322 1163 2344 ‚
1193 2304 1284 2333 non
1303 2289 1449 2337 minus

150 2364 285 2411 foeda
316 2380 448 2427 quam
486 2362 692 2409 terribilis
733 2374 824 2407 erat
861 2360 1006 2407 forma
1041 2360 1133 2407 eius
1171 2360 1447 2410 visentibus:

150 2436 380 2500 faftusque
400 2452 544 2498 poena
567 2435 639 2481 sua
666 2433 912 2481 monstrum
930 2471 942 2487 ,
967 2433 1313 2480 misericordiam
1336 2453 1449 2499 quo·

148 2527 234 2576 que
261 2509 476 2560 amiserat.
512 2521 661 2558 tamen
694 2524 796 2558 cum
827 2506 1136 2555 diffimillimus
1171 2508 1277 2556 effer
1299 2509 1447 2557 homi·-

1121 2575 1153 2620 F
1190 2591 1218 2621 2
