1741 2919
269 158 361 224 238
461 159 511 205 L.
546 156 688 204 ANN.
721 156 845 204 SEN.
877 151 964 201 DF.
997 156 1250 204 PRovm.
1287 156 1389 203 Lm.

270 276 402 328 caput
434 263 690 326 collumque
733 261 986 319 conneffit,
1019 260 1178 309 incisus
1206 261 1295 318 est,
1328 272 1443 309 tanta
1482 260 1554 310 illa

267 339 410 386 moles
434 337 618 384 corruit.
645 337 752 382 Non
771 336 815 381 in
841 336 929 383 alto
954 336 1057 383 latet
1077 336 1272 399 spiritus,
1304 353 1385 383 nec
1400 336 1552 400 utique

266 410 389 457 ferro
410 409 626 456 eruendus
646 407 705 455 est
723 425 734 453 ε
757 424 848 453 non
870 407 964 454 sunt
984 407 1164 454 vulnere
1193 406 1403 469 impreffo
1428 405 1554 468 peni-

266 498 338 529 tus
354 481 580 528 scrutanda
606 479 862 543 praecordia
881 497 891 525 z
915 479 960 525 in
979 480 1190 542 proximo
1211 495 1332 525 mors
1349 478 1422 524 est.
1446 481 1554 525 Non

267 571 439 602 certum
473 555 527 600 ad
571 554 653 600 hos
682 553 792 599 ἰξὶιιε
821 551 1036 599 destinavi
1067 553 1216 599 locum
1245 567 1257 597 =
1288 570 1552 617 quacunque

269 629 476 691 pervium
507 627 580 674 est.
616 627 757 690 Ipsum
791 625 898 671 illud
930 627 1053 688 quod
1073 641 1262 673 vocatur
1283 625 1430 685 mori,
1464 643 1557 691 quo

269 700 415 747 anima
442 700 625 747 discedit
643 717 665 746 a
685 715 876 761 corpore
891 734 905 756 ‚
928 698 1106 746 brevius
1125 699 1185 745 est
1202 731 1216 754 ,
1235 716 1364 762 quam
1394 712 1440 746 ut
1461 700 1557 746 sen-

267 772 343 820 tiri
365 786 480 820 tanta
510 772 722 820 velocitas
755 770 896 834 poffit.
939 770 1039 817 Sive
1067 769 1214 818 fauces
1243 772 1387 819 nodus
1415 772 1557 827 elifit;

271 846 362 893 five
381 846 691 907 spiramentum
719 861 830 908 aqua
855 843 1105 906 praecltlfin
1139 843 1230 890 five
1255 844 1298 889 in
1320 858 1447 908 caput
1466 845 1558 908 lap—

274 922 345 968 sos
372 913 635 966 'subiacentis
659 918 737 966 soli
765 917 921 964 duritia
945 917 1235 973 comminuit3
1267 917 1355 966 five
1387 919 1559 966 haustus

276 992 391 1054 ignis
415 991 585 1038 cursum
607 991 778 1036 animae
797 990 1030 1036 remeantis
1057 989 1322 1038 interscidit:
1345 991 1560 1055 quidquid

276 1064 337 1111 est
351 1100 364 1121 ‚
390 1076 611 1128 properat.
629 1064 799 1128 Ecquid
819 1062 1105 1112 erubescitis?
1130 1065 1251 1128 quod
1271 1076 1356 1112 tam
1377 1064 1467 1115 cito
1486 1064 1560 1124 fit,

275 1138 436 1185 timetis
457 1136 533 1184 diu
551 1135 571 1184 ἓ
