1741 2919
264 140 326 202 76
526 139 1377 188 L.ANNAfitsENEcAa.

261 245 368 292 teste
403 245 671 294 ceciderunt.
703 247 884 294 Prodest
922 248 1130 295 morbum
1163 248 1286 295 suum
1324 248 1474 306 nosse,
1508 261 1552 298 et

261 317 381 364 vires
408 317 502 364 eius
531 331 763 382 antequam
796 320 1062 382 spatientur,
1091 323 1358 385 opprimere.
1384 323 1550 371 Videa-

261 405 359 436 mus
379 390 486 453 quid
502 390 552 438 fit
569 427 583 450 ‚
603 393 730 455 quod
749 409 831 440 nos
851 394 1039 442 maxime
1055 395 1262 442 concitet.
1281 394 1428 441 Alium
1446 413 1551 443 ver-

260 461 446 520 borum,
469 463 603 510 alium
631 482 781 511 rerum
810 468 1100 514 contumeliae
1126 479 1325 515 movent.
1356 468 1428 516 hic
1454 468 1552 516 vult

260 536 484 582 nobilitati
504 538 603 584 suae
622 574 635 595 ,
663 538 732 585 hic
753 538 924 586 formae
944 540 1042 588 suae
1071 541 1205 604 parci.
1225 541 1295 586 ille
1319 540 1551 604 elegantis-

259 607 391 654 fimus
410 607 560 655 haberi
581 610 726 673 cupit,
746 611 818 658 ille
837 613 1123 660 cloEtiffimus.
1138 615 1212 660 hic
1227 613 1452 676 superbiae
1470 613 1553 659 im-

257 680 429 743 patiens
454 681 542 739 est,
571 683 643 730 hic
663 685 998 742 contumaciae3
1030 686 1099 732 ille
1127 686 1278 734 servos
1307 703 1399 732 non
1426 698 1550 748 putat

258 750 419 814 dignos
440 754 603 815 quibus
626 756 831 802 irascatur
849 774 859 801 :
879 757 951 803 hic
964 757 1076 804 intra
1089 758 1275 803 domum
1295 757 1446 804 saevus
1459 755 1520 803 est
1534 788 1551 812 ,

256 822 370 872 foris
397 826 529 874 mitis.
555 827 628 874 ille
660 829 838 892 rogari,
862 830 1073 877 invidiam
1101 831 1294 877 iudicat:
1322 831 1422 888 hic,
1456 847 1552 878 non

256 899 438 961 rogari,
473 902 802 949 contumeliam.
833 905 941 951 Non
971 920 1126 951 omnes
1155 904 1209 951 ab
1242 904 1395 955 eadem
1428 919 1551 967 parte

255 967 490 1018 feriuntur.

323 1045 403 1091 Xl.
438 1044 558 1092 Scire
585 1045 732 1110 itaque
764 1060 969 1111 oportet,
994 1049 1102 1112 quid
1132 1049 1178 1096 in
1204 1062 1248 1097 te
1274 1049 1551 1100 imbecillum

257 1115 334 1173 fit,
366 1131 415 1163 ut
438 1116 484 1163 id
508 1119 697 1167 maxime
717 1134 933 1185 protegas.
960 1124 1066 1168 Non
1094 1124 1274 1185 expedit
1303 1123 1454 1170 omnia
1478 1124 1553 1171 vi-

257 1190 362 1236 dere
376 1226 390 1247 ,
407 1192 558 1237 omnia
580 1193 741 1240 audire.
763 1196 924 1243 multae
942 1211 1023 1242 nos
1036 1196 1220 1243 iniuriae
1234 1196 1477 1247 transeant:
1495 1213 1552 1242 ex

256 1263 418 1326 quibus
448 1265 680 1327 plerasque
708 1284 800 1313 non
830 1269 1024 1331 accipit,
1056 1269 1133 1331 qui
1164 1269 1312 1315 nescit.
1345 1270 1451 1315 Non
1483 1269 1553 1316 vis

256 1335 344 1381 effe
370 1336 637 1385 iracundus?
663 1354 717 1386 ne
748 1340 799 1387 fis
819 1341 1028 1388 curiosus.
1059 1342 1154 1402 Qui
1176 1342 1362 1405 inquirit
1380 1340 1486 1404 quid
1507 1341 1551 1387 in

258 1410 300 1456 se
325 1411 487 1458 dictum
509 1412 583 1472 fit,
617 1414 694 1476 qui
714 1415 931 1479 malignos
952 1417 1175 1463 sermones
1193 1415 1355 1463 etiamfi
1383 1416 1553 1462 secreto

257 1484 394 1530 habiti
415 1484 522 1544 fint,
545 1488 659 1533 eruit
681 1521 694 1544 ,
720 1488 761 1534 se
791 1489 879 1552 ipse
905 1490 1132 1552 inquietat.
1159 1490 1390 1550 Quaedam
1417 1489 1552 1534 inter-

258 1558 447 1619 pretatio
477 1576 534 1604 eo
568 1560 803 1622 perducit,
834 1574 883 1608 ut
910 1562 1145 1609 videantur
1176 1562 1372 1608 iniuriae.
1402 1564 1553 1624 ltaque

258 1629 342 1675 alia
372 1629 614 1677 differenda
646 1631 773 1692 sunt,
799 1634 882 1680 alia
915 1635 1155 1681 deridenda
1176 1670 1189 1693 ‚
1218 1635 1300 1680 alia
1332 1634 1553 1680 donanda.

259 1703 674 1752 Circumscribenda
706 1708 854 1755 multis
889 1707 1035 1754 modis
1067 1707 1131 1753 ira
1160 1706 1235 1754 est.
1271 1706 1479 1769 pleraque
1505 1706 1552 1752 in

257 1776 401 1823 lusum
423 1777 661 1842 iocumque
681 1791 921 1828 vertantur.
940 1782 1186 1837 Socratem,
1202 1780 1337 1836 aiunt,
1357 1779 1553 1842 colapho

257 1849 507 1911 percussum
526 1851 631 1898 nihil
647 1853 829 1914 amplius
848 1853 1016 1911 dixisse,
1031 1869 1180 1916 quam,
1200 1851 1433 1898 Molestum
1446 1852 1553 1906 effe,

258 1922 382 1984 quod
404 1922 618 1971 nescirent
639 1926 840 1972 homines
858 1962 870 1984 ,
900 1927 1080 1989 quando
1109 1942 1208 1972 cum
1233 1924 1350 1987 galea
1370 1924 1552 1985 prodire

259 1995 484 2042 deberent.
506 1998 612 2043 Non
633 2000 1010 2062 quemadmodum
1029 1998 1138 2045 facta
1157 1997 1208 2043 fit
1223 1997 1382 2043 iniuria
1400 1995 1552 2056 refert,

260 2069 335 2117 sed
357 2070 736 2132 quemadmodum
758 2072 854 2119 lata.
882 2073 978 2120 Nec
999 2072 1133 2119 video
1153 2087 1285 2134 quare
1304 2069 1487 2117 difficilis
1502 2071 1553 2118 fit

261 2143 542 2202 moderatio,
570 2161 672 2192 cum
699 2145 830 2192 sciam
862 2158 1160 2210 tyrannorum
1183 2159 1361 2207 quoque
1382 2143 1554 2191 tumida

261 2229 307 2261 et
333 2214 505 2261 fortuna
526 2232 570 2263 et
590 2215 763 2263 licentia
784 2217 985 2280 ingenia,
1014 2215 1275 2262 familiarem
1306 2215 1384 2262 fibi
1415 2215 1554 2263 saevi-

259 2287 363 2335 tiam
386 2289 635 2352 repreffiffe.
662 2290 922 2337 Pisistratum
946 2305 1094 2347 certe,
1117 2289 1449 2337 Athenienfium
1473 2305 1552 2354 ty·-

261 2378 472 2418 rannum‚
493 2363 735 2410 memoriae
757 2364 981 2427 proditur,
1006 2380 1107 2410 cum
1133 2364 1266 2410 multa
1292 2363 1337 2409 in
1362 2363 1550 2410 crudeli-

262 2444 396 2483 tatem
416 2433 508 2482 eius
537 2435 684 2485 ebrius
711 2437 906 2487 conviva
933 2435 1126 2498 dixisset,
1148 2452 1230 2487 nec
1259 2435 1449 2487 deessent
1473 2433 1553 2501 qui
