1741 2919
470 159 762 208 DE1RA
811 160 951 207 ΜΒ.
995 158 1101 207 111.
1358 166 1422 222 73

131 267 205 316 sua
222 266 439 332 proximis
459 268 601 316 tradit.
623 266 831 315 Ebriosus
850 267 1132 315 convffiores
1151 265 1198 313 in
1217 282 1420 314 amorem

131 343 226 390 vini
243 343 371 390 traxit
391 361 402 389 ε
420 342 748 405 impudicorum
768 355 920 389 coetus
940 339 1101 387 fortem
1120 356 1324 404 quoque,
1345 353 1390 386 et
1406 374 1424 396 ,

132 416 165 463 fi
191 417 348 475 liceat,
370 415 519 464 virum
539 414 728 462 emolliit
748 432 758 460 ε
780 413 961 460 avaritia
975 413 1020 459 in
1041 414 1271 475 proximos
1298 413 1423 461 virus

131 492 259 539 suum
280 489 507 538 transtulit.
530 490 692 537 Eadem
709 507 763 536 ex
780 488 958 537 diverso
970 489 1084 535 ratio
1102 487 1317 535 virtutum
1333 487 1422 542 est,

130 577 180 612 ut
198 581 332 612 omne
358 565 481 628 quod
501 564 646 611 secum
675 563 866 621 habent,
898 562 1114 626 mitigent.
1135 579 1215 608 nec
1234 575 1321 608 tam
1341 579 1427 609 va-

131 638 315 686 letudini
330 636 503 701 profuit
515 636 633 684 utilis
647 635 773 700 regio
793 649 835 682 et
850 636 1058 681 salubrius
1071 635 1246 682 coelum
1259 651 1274 691 3
1292 651 1426 697 quam

133 713 464 778 animisxparum
485 711 648 771 firmis,
669 713 714 758 in
735 713 862 759 turba
887 711 1074 758 meliore
1094 710 1273 758 versari.
1295 711 1428 770 Quae

131 803 202 833 res
220 797 433 849 quantum
452 783 608 847 poflit,
627 783 864 847 intelliges,
878 782 909 829 fi
930 782 1095 832 videris
1114 784 1228 831 feras
1245 801 1429 848 quoque

133 860 348 908 conviEtu
368 858 521 906 nostro
541 857 838 907 mansuescere
861 876 871 906 :
899 858 1094 922 nullique
1114 859 1246 905 etiam
1266 861 1429 907 imma-

87 949 90 951 *
134 935 180 982 ni
205 932 364 980 bestiae
391 931 486 979 vim
515 932 633 978 suam
663 948 949 993 permanere,
983 930 1014 977 fi
1045 931 1238 979 hominis
1263 947 1429 982 contu-

133 1005 337 1053 bernium
366 1003 444 1050 diu
473 1002 591 1066 passa
622 1002 695 1050 est.
727 1005 995 1051 Retunditur
1025 1005 1171 1051 omnis
1196 1005 1429 1069 asperitas,

132 1078 427 1144 paulatimque
465 1077 581 1124 inter
611 1078 783 1141 placida
812 1079 1062 1126 dediscitur.
1092 1080 1281 1127 Accedit
1309 1080 1395 1128 huc
1413 1117 1430 1140 ‚

133 1151 258 1214 quod
278 1167 371 1197 non
392 1162 562 1197 tantum
581 1151 789 1214 exemplo
808 1151 969 1199 melior
987 1152 1059 1210 fit,
1077 1152 1155 1217 qui
1175 1170 1275 1200 cum
1297 1154 1430 1217 quie-

133 1224 189 1273 tis
209 1223 466 1271 hominibus
487 1222 602 1271 vivit
627 1241 637 1269 :
670 1223 744 1271 sed
761 1225 887 1288 quod
917 1226 1063 1274 causas
1093 1227 1307 1276 irascendi
1337 1245 1431 1276 non

135 1299 310 1347 invenit
324 1336 337 1355 ,
356 1316 438 1347 nec
459 1297 618 1346 vitium
641 1299 764 1346 suum
789 1312 973 1348 exercet.
995 1303 1160 1363 Fugere
1188 1301 1334 1365 itaque
1354 1304 1432 1350 de-

135 1371 256 1419 bebit
273 1388 455 1430 omnes,
489 1389 604 1434 quos
628 1372 874 1420 irritaturos
896 1373 1166 1422 iracundiam
1187 1374 1305 1423 sciet.
1336 1376 1430 1437 Qui

133 1444 253 1502 sunt,
273 1444 418 1508 inquis
434 1481 446 1502 ‚
463 1444 531 1491 isti
550 1445 568 1492 ?
597 1446 724 1492 multi>
738 1463 794 1494 ex
813 1446 946 1494 variis
966 1448 1100 1495 causis
1118 1447 1234 1494 idem
1259 1447 1432 1499 fatturi.

135 1517 350 1570 Offendet
379 1531 422 1564 te
440 1517 651 1580 superbus
680 1532 938 1576 contemtu,
968 1520 1097 1568 dicax
1124 1521 1396 1569 contumelia
1415 1559 1432 1582 ‚

135 1593 333 1656 petulans
367 1590 556 1650 iniuria,
586 1593 746 1640 lividus
780 1592 1079 1657 malignitate,
1113 1612 1289 1661 pugnax
1320 1612 1433 1643 con-

135 1666 360 1722 tentione,
387 1665 596 1713 ventosus
616 1679 660 1713 et
685 1667 875 1713 mendax
907 1666 1115 1734 vanitate·
1133 1670 1241 1716 Non
1272 1668 1385 1717 feres
1408 1687 1434 1718 a

135 1739 375 1803 suspicioso
396 1740 542 1787 timeri
558 1776 574 1798 ,
602 1757 625 1787 a
645 1740 865 1804 pertinace
883 1741 1002 1788 vinci
1017 1778 1031 1800 ,
1052 1761 1076 1790 a
1096 1743 1285 1791 delicato
1311 1744 1432 1792 fast?-

137 1814 234 1862 diri.
260 1813 382 1878 Elige
411 1813 657 1876 simplices,
689 1814 866 1872 faciles,
894 1816 1182 1872 moderatos;
1216 1816 1294 1881 qui
1321 1818 1432 1866 iram

136 1900 256 1936 tuam
278 1904 360 1934 nec
377 1904 570 1936 evocent
585 1925 598 1948 ,
620 1901 661 1936 et
682 1889 836 1936 serant.
860 1889 1002 1953 Magis
1021 1890 1164 1938 adhuc
1186 1890 1432 1952 proderunt

137 1961 329 2010 submiffi
357 1977 400 2009 et
422 1962 630 2021 humani,
662 1975 703 2008 et
728 1964 874 2011 dulces
891 1999 904 2022 ‚
928 1980 1021 2010 non
1053 1977 1200 2011 tamen
1221 1963 1357 2028 usque
1384 1965 1433 2013 in

138 2037 449 2085 adulationem.
475 2053 575 2082 nam
605 2037 842 2085 iracundos
868 2037 1004 2083 nimia
1033 2036 1260 2084 assentatio
1284 2038 1432 2086 offen-

138 2110 216 2157 dit.
236 2111 339 2157 Erat
360 2123 480 2157 certe
498 2110 663 2158 amicus
684 2110 832 2157 noster
846 2144 859 2166 ,
875 2111 945 2159 vir
966 2111 1130 2169 bonus,
1153 2110 1224 2156 sed
1241 2111 1330 2158 irae
1349 2129 1432 2175 pa-

139 2184 335 2242 ratioris‚
367 2184 440 2232 cui
466 2200 557 2230 non
588 2183 725 2248 magis
756 2198 846 2231 erat
872 2195 1013 2231 tutum
1047 2183 1269 2242 blandiri,
1297 2202 1430 2248 quam

140 2258 418 2306 maledicere.
436 2259 638 2305 Caelium
662 2271 888 2306 oratorem
914 2258 1039 2306 fuiffe
1058 2258 1430 2307 iracundiffimum

140 2331 322 2380 constat.
352 2350 453 2380 cum
488 2350 611 2396 quo,
644 2346 691 2380 ut
722 2333 843 2379 aiunt
858 2368 870 2390 ‚
904 2332 1118 2379 coenabat
1146 2332 1191 2378 in
1224 2333 1434 2381 cubiculo

140 2407 273 2454 lectae
292 2406 524 2469 patientiae
551 2407 685 2453 cliens
703 2425 711 2452 :
733 2406 805 2453 sed
826 2406 1000 2454 difficile
1020 2418 1110 2453 erat
1134 2406 1196 2452 illi
1216 2406 1261 2452 in
1286 2423 1431 2470 copu-

140 2481 228 2533 lam
249 2481 483 2540 coniecto,
510 2481 652 2531 rixam
679 2480 796 2541 eius,
816 2496 919 2530 cum
940 2496 1033 2547 quo
1053 2480 1287 2541 haerebat,
1315 2482 1429 2532 effu-²
