1741 2919
326 157 779 203 CONSQLATM)
818 153 904 200 att)
943 153 1285 199 MAECMM.
1361 150 1449 211 187

163 263 388 311 exhibebit
413 264 580 311 secandi
610 263 867 325 potentiam.
906 262 1073 324 quare?
1113 260 1216 323 quia
1245 260 1361 307 vires
1389 259 1452 305 illi

164 354 186 382 a
213 348 365 383 natura
396 339 521 384 datae
551 337 673 391 sunt,
701 351 812 397 quae
833 334 940 381 nihil
962 334 1006 380 in
1031 334 1263 397 personam
1285 331 1449 379 consti·

163 409 261 457 tuit.
293 413 592 474 Paupertatem
610 442 624 465 ‚
657 409 821 455 luctum
839 441 853 464 ‚
875 408 1162 454 ambitionem
1197 407 1303 452 alius
1326 405 1448 452 aliter

164 481 316 538 sentit,
337 495 469 545 prout
486 482 605 528 illum
625 482 897 528 consuetudo
917 479 1070 527 infecit
1092 498 1101 525 :
1123 491 1166 526 et
1184 478 1451 525 imbecillum

163 554 554 618 impatientemque
579 554 720 601 reddit
744 554 988 617 praesumta
1014 553 1170 617 opinio
1191 553 1247 600 de
1276 568 1367 599 non
1390 551 1449 599 ti-

163 628 333 673 mendis
355 627 573 674 terribilis.

236 704 351 748 VIII.
381 702 560 749 Deinde
592 702 717 765 quod
754 702 946 750 naturaie
979 701 1073 759 est,
1109 718 1201 748 non
1238 700 1451 749 decrescit

165 790 292 821 mora
323 791 335 820 τ
368 775 568 821 dolorem
607 775 699 822 dies
733 775 966 822 consumit²
995 774 1098 822 licet
1129 773 1455 821 contumaciffi-

160 865 284 895 mum
301 879 315 903 ‚
331 848 533 911 quotidie
553 848 841 911 insurgentem
854 884 866 902 ‚
886 860 929 894 et
944 864 1096 895 contra
1114 848 1308 894 remedia
1323 847 1456 895 effer-

163 922 442 979 vescentem3
469 935 614 966 tamen
650 922 770 967 illum
806 921 1150 968 efficacissimum
1190 921 1456 984 mitigandae

163 994 359 1041 ferociae
393 1010 565 1057 tempus
594 1007 787 1043 enervat.
826 995 981 1040 Manet
1001 993 1180 1057 quidem
1210 993 1315 1051 tibi,
1337 996 1456 1040 Mar-

163 1069 251 1125 cia,
272 1067 509 1114 etiamnum
531 1068 682 1131 ingens
699 1067 868 1115 tristitia
884 1102 897 1125 ‚
922 1079 965 1113 et
983 1066 1068 1113 iam
1091 1066 1269 1114 videtur
1286 1066 1457 1114 duxisse

162 1141 321 1187 callum
346 1176 360 1199 ‚
392 1157 482 1187 non
515 1140 585 1186 illa
622 1141 866 1197 concitata,
899 1139 1037 1202 qualis
1075 1140 1202 1185 initio
1231 1139 1345 1197 fuit,
1382 1140 1455 1186 sed

161 1214 358 1276 pertinax
383 1227 427 1260 et
456 1213 682 1260 obstinata.
719 1225 865 1258 tamen
887 1212 998 1258 hanc
1028 1228 1209 1276 quoque
1228 1228 1344 1260 aetas
1374 1214 1455 1261 tibi

161 1287 409 1334 minutatim
438 1303 612 1334 eximet.
643 1287 834 1346 Quoties
862 1287 976 1332 aliud
996 1287 1166 1350 egeris,
1189 1287 1360 1334 animus
1381 1304 1454 1335 re-

161 1359 405 1406 laxabitur:
438 1377 556 1406 nunc
586 1376 629 1407 te
649 1360 738 1422 ipsa
766 1358 970 1405 custodis.
992 1359 1179 1405 multum
1206 1373 1354 1406 autem
1385 1361 1455 1406 in·

159 1431 318 1490 retest,
359 1446 506 1479 utrum
536 1432 614 1479 tibi
650 1432 876 1495 permittas
905 1448 1136 1487 moerere,
1168 1449 1223 1478 an
1250 1433 1455 1496 imperes.

163 1506 350 1565 Quanto
377 1505 512 1568 magis
540 1505 625 1552 hoc
651 1522 831 1552 morum
857 1520 1039 1552 tuorum
1069 1506 1309 1569 elegantiae
1339 1524 1454 1554 con-

161 1579 286 1626 venit
300 1614 313 1636 ‚
342 1577 475 1625 finem
498 1580 636 1625 Iustus
654 1579 802 1640 potius
823 1578 966 1625 facere
984 1615 998 1637 ‚
1018 1595 1149 1642 quam
1175 1581 1448 1642 exspec‘tare:

159 1667 243 1697 nec
265 1650 384 1696 illum
400 1651 596 1713 opperiri
613 1651 749 1707 diem,
773 1667 864 1714 quo
882 1664 925 1699 te
944 1651 1085 1701 invita
1105 1652 1236 1698 dolor
1255 1639 1456 1719 definatf
1472 1631 1514 1718 ss.

161 1723 251 1786 ipsa
272 1724 333 1770 illi
354 1724 568 1771 renuntia.

224 1797 304 1843 IX.
324 1798 456 1844 Unde
482 1814 589 1860 ergo
609 1809 726 1843 tanta
757 1797 885 1845 nobis
905 1797 1144 1861 pertinacia
1167 1798 1210 1844 in
1239 1798 1448 1861 deplora-

158 1868 280 1917 tione
303 1869 468 1929 nostri,
500 1871 531 1916 fi
550 1871 595 1917 id
622 1887 712 1917 non
740 1870 789 1919 fit
814 1884 990 1918 naturae
1016 1871 1156 1917 iussu?
1185 1873 1309 1935 quod
1340 1872 1447 1918 nihil

159 1941 287 1988 nobis
316 1941 448 1998 mali,
475 1957 707 2005 antequam
735 1943 936 2000 eveniat,
965 1942 1286 2005 proponimus,
1308 1945 1379 1990 sed
1400 1959 1448 1992 ut

157 2013 376 2060 immunes
396 2013 497 2076 ipfi,
523 2026 566 2060 et
593 2015 707 2060 aliud
738 2015 933 2077 pacatius
959 2014 1133 2077 ingreffi
1163 2015 1273 2073 iter,
1295 2017 1448 2064 aIienis

157 2103 250 2133 non
274 2088 567 2135 admonemur
594 2087 782 2145 casibus,
805 2088 905 2135 illos
935 2088 1021 2135 effe
1047 2105 1322 2137 communes.
1352 2091 1446 2137 Tot

156 2175 329 2222 praeter
366 2161 551 2207 domum
587 2159 777 2206 nostram
815 2161 1041 2207 ducuntur
1074 2160 1305 2225 exsequiae
1343 2180 1355 2208 ε
1391 2163 1448 2210 de

158 2244 302 2281 morte
325 2249 416 2280 non
441 2233 702 2297 cogitamus.
722 2245 790 2279 tot
808 2233 962 2280 acerba
985 2231 1140 2280 funera
1161 2250 1172 2280 :
1193 2250 1276 2280 nos
1294 2250 1442 2298 togam

157 2306 409 2353 nostrorum
437 2307 670 2355 infantium
686 2343 699 2364 ,
730 2325 814 2355 nos
829 2307 1029 2354 militiam
1044 2342 1058 2365 ‚
1075 2319 1120 2354 et
1138 2320 1344 2371 paternae
1362 2309 1443 2357 he-

156 2379 355 2427 reditatis
385 2379 695 2427 successionem
721 2381 870 2427 animo
894 2381 1117 2443 agitamus.
1154 2394 1222 2428 tot
1253 2381 1439 2430 divitum

157 2451 294 2501 subita
312 2467 540 2517 paupertas
559 2454 606 2502 in
624 2454 779 2503 oculos
807 2453 986 2504 incidit:
1005 2465 1049 2506 et
1068 2453 1197 2505 nobis
1212 2471 1437 2520 nunquam
