1741 2919
288 129 381 194 298
531 132 579 178 L.
624 129 917 177 ANNAEI
967 130 1321 178 SENECAE

284 255 390 285 num
419 238 647 301 publicum
679 250 879 295 exercet,
909 238 1091 286 donabit
1114 256 1124 284 ε
1146 239 1225 287 scit
1250 255 1395 287 emere
1423 255 1558 287 vena-

283 312 354 358 lia.
386 312 459 358 Ille
483 313 620 375 pusilli
646 313 780 359 animi
804 313 886 372 est,
904 313 980 377 qui
1001 314 1077 359 fibi
1097 313 1240 375 placet
1254 349 1267 371 ,
1285 312 1410 376 quod
1428 311 1560 358 ostia·

284 385 354 432 rio
381 385 516 432 libere
541 385 793 448 respondit,
818 387 940 449 quod
958 386 1124 449 virgam
1143 385 1235 431 eius
1259 384 1417 448 fregit:
1439 384 1562 448 quod

285 458 340 504 ad
367 458 596 504 dominum
620 457 819 514 acceffit,
850 471 893 505 et
916 458 1039 521 petiit
1065 458 1256 506 corium.
1281 457 1399 504 Fecit
1423 459 1463 504 se
1483 457 1560 503 ad-

284 530 524 578 versarium
549 531 626 594 qui
656 532 909 590 contendit,
936 546 979 579 et
998 544 1044 577 ut
1069 531 1247 588 vincat,
1275 547 1352 593 par
1380 529 1472 576 fuit.
1505 532 1561 576 At

283 603 451 667 sapiens
480 605 675 669 colaphis
695 606 914 669 percussus
927 641 945 668 ρ
963 605 1068 668 quid
1086 605 1216 652 faciet
1236 603 1253 650 ?
1274 603 1396 667 quod
1417 603 1531 649 Cato
1547 638 1561 661 ,

286 694 389 724 cum
421 678 483 724 illi
514 695 565 725 os
595 678 842 741 percussum
871 677 1011 725 effer:
1045 693 1136 723 non
1169 677 1437 734 excanduit,
1467 691 1560 722 non

285 752 531 801 vindicavit
557 753 758 800 iniuriam
794 771 806 799 :
832 769 914 800 nec
944 751 1104 798 remisit
1135 752 1341 816 quidem,
1371 751 1442 799 sed
1467 751 1562 798 fac-

283 836 371 872 tam
403 825 591 889 negavit.
623 827 796 873 Maiore
825 825 974 872 animo
1007 842 1097 872 non
1126 826 1309 889 agnovit
1333 843 1464 889 quam
1492 826 1563 890 ig-

286 898 489 946 novisset.
515 900 620 945 Non
640 899 715 946 diu
741 899 786 945 in
810 898 898 944 hoc
920 898 1208 945 haerebimus.
1231 899 1328 962 quis
1349 897 1465 945 enim
1487 915 1565 945 ne-

287 969 364 1018 scit
383 1006 397 1029 ,
425 971 534 1016 nihil
555 988 607 1018 ex
630 971 696 1017 his
715 986 826 1033 quae
852 970 1085 1016 creduntur
1111 970 1226 1016 bona
1253 982 1323 1016 aut
1347 969 1457 1016 mala
1473 1005 1486 1026 ,
1504 968 1565 1016 ita

287 1042 431 1090 videri
457 1043 658 1106 sapienti,
685 1058 732 1090 ut
757 1041 997 1089 omnibus?
1029 1043 1135 1088 Non
1162 1042 1333 1105 respicit
1361 1042 1467 1106 quid
1486 1042 1564 1089 ho-

287 1117 430 1165 mines
454 1131 585 1181 turpe
607 1118 826 1173 iudicent,
852 1128 924 1163 aut
945 1116 1146 1163 miserum
1169 1134 1179 1162 ε
1208 1132 1299 1162 non
1317 1115 1349 1162 it
1369 1132 1452 1180 qua
1478 1132 1563 1179 po-

287 1190 419 1253 pulus
442 1209 453 1236 ε
481 1191 553 1237 sed
584 1205 631 1237 ut
657 1190 791 1237 sidera
818 1187 1088 1237 contrarium
1114 1188 1282 1234 mundo
1311 1188 1393 1236 iter
1420 1189 1564 1235 inten-

289 1264 429 1321 dunt,
457 1264 516 1311 ita
538 1264 606 1311 hie
626 1263 830 1311 adversus
856 1263 1116 1326 opinionem
1145 1261 1346 1308 omnium
1365 1260 1499 1308 vadit.

355 1342 456 1386 XV.
488 1339 684 1386 Desinite
713 1338 858 1402 itaque
889 1339 1033 1385 dicere
1058 1353 1069 1383 :
1106 1338 1210 1383 Non
1239 1335 1424 1399 accipiet
1454 1352 1562 1399 ergo

289 1413 457 1477 sapiens
482 1414 680 1460 iniuriam
710 1413 741 1459 si
768 1413 972 1461 caedetur
994 1412 1011 1457 ?
1038 1411 1066 1456 fi
1096 1410 1248 1458 oculus
1270 1410 1329 1456 illi
1354 1410 1563 1456 eruetur?

289 1504 381 1534 non
403 1487 587 1549 accipiet
613 1485 923 1533 contumeliam
940 1521 953 1543 ‚
978 1483 1008 1530 fi
1036 1484 1358 1531 obscoenorum
1377 1482 1566 1529 vocibus

289 1561 507 1624 improbis
539 1577 618 1623 per
645 1559 794 1607 forum
826 1559 1007 1623 agetur?
1039 1559 1070 1604 fi
1098 1559 1143 1604 in
1176 1558 1392 1606 convivio
1422 1557 1564 1621 regis,

291 1633 550 1680 recumbere
578 1632 692 1678 infra
720 1632 911 1679 mensam
929 1667 942 1688 ,
968 1629 1176 1693 vescique
1206 1647 1305 1677 cum
1334 1629 1467 1677 servis
1499 1629 1566 1693 ig-

290 1704 538 1752 nominiosa
557 1705 703 1752 officia
722 1704 882 1751 sortitis
900 1703 1154 1751 iubebitur?
1172 1702 1203 1749 fi
1222 1702 1329 1766 quid
1348 1702 1463 1749 aliud
1484 1701 1566 1750 fer·

289 1794 338 1824 re
363 1791 545 1840 cogetur
569 1793 747 1833 eorum,
781 1793 891 1841 quae
920 1775 1162 1838 excogitari
1184 1774 1346 1837 pudor-i
1373 1774 1566 1836 ingenuo

291 1850 472 1898 molesta
500 1850 710 1913 poffunt?
742 1854 792 1897 In
810 1864 1198 1914 quantumcunque
1217 1847 1294 1895 ista
1318 1847 1391 1895 vel
1409 1862 1566 1894 nume-

294 1940 381 1982 ro,
421 1923 494 1972 vel
531 1924 833 1988 magnitudine
867 1923 1124 1979 creverint,
1161 1921 1354 1969 eiusdem
1389 1934 1566 1968 naturae

293 2007 433 2044 erunt.
473 1996 516 2044 Si
544 2013 635 2043 non
657 2012 834 2061 tangent
860 1997 983 2044 illum
1007 2013 1141 2060 parva
1157 2030 1171 2051 ,
1199 2012 1254 2042 ne
1273 1993 1440 2042 maiora
1466 1993 1566 2057 qui-

295 2071 397 2117 dem
415 2087 426 2116 ε
448 2070 480 2116 fi
499 2087 590 2117 non
607 2082 783 2134 tangent
800 2087 960 2134 pauca,
980 2088 1035 2118 ne
1054 2071 1175 2134 plura
1193 2069 1384 2132 quidem.
1406 2068 1491 2115 Sed
1509 2083 1566 2114 ex

292 2141 593 2191 imbecillitate
618 2143 757 2191 vestra
778 2144 1072 2190 constitutam
1099 2143 1249 2206 capitis
1266 2139 1449 2204 ingentis
1476 2139 1568 2186 ani-

296 2216 387 2263 mi:
408 2230 451 2263 et
470 2233 570 2264 cum
596 2214 831 2280 cogitastis,
854 2230 1064 2279 quantum
1082 2215 1242 2278 putetis
1255 2230 1338 2262 vos
1357 2212 1446 2277 pati
1465 2211 1570 2275 pos-.

296 2292 367 2349 se,
395 2289 593 2353 sapient-is
630 2289 858 2352 patientiae
881 2289 1011 2353 paulo
1041 2288 1295 2336 ulteriorem
1325 2286 1566 2334 terminum

295 2364 470 2426 ponitis.
492 2367 548 2411 At
568 2364 685 2411 illum
706 2364 751 2411 in
770 2364 864 2411 aliis
877 2364 1030 2412 mundi
1049 2362 1206 2410 finibus
1228 2362 1296 2410 sua
1310 2362 1451 2410 virtus
1470 2359 1569 2407 col-2„

296 2436 484 2494 locavit,
508 2435 613 2483 nihil
641 2437 871 2489 vobiscum
892 2452 1130 2489 commune
1152 2435 1397 2487 habentem.
1417 2435 1566 2494 Quave
