1741 2919
271 167 370 229 '134'
533 163 584 215 t:
634 162 930 214 'ANNAEI
979 166 1336 218 SENECAE

270 273 349 336 qui
379 273 530 321 omnia
549 274 594 321 in
621 273 663 322 se
681 275 904 339 reposuit,
929 276 1008 341 qui
1037 276 1092 324 ab
1120 277 1410 342 opinionibus
1435 277 1560 344 vulgi

270 345 473 393 seceffit?
512 347 614 394 Plus
650 347 783 394 etiam
809 365 943 411 quam
970 349 1218 413 ignominia
1249 350 1311 399 est
1343 368 1465 399 mors
1495 352 1562 416 ig-

271 417 536 466 nominiosa.
573 419 774 467 Socrates
801 431 948 467 tamen
974 422 1136 470 eodem
1169 422 1248 470 illo
1281 424 1436 483 vultu,
1467 439 1563 487 quo

270 490 510 555 aliquando
534 491 651 539 solus
671 492 848 557 triginta
873 507 1091 558 tyrannos
1121 495 1167 542 in
1194 496 1401 543 ordinem
1430 497 1562 543 rede-

270 578 423 629 gerat,
450 581 675 613 carcerem
704 565 915 623 intravit,
938 567 1228 631 ignominiam
1255 569 1333 633 ipsi
1357 569 1462 616 loco
1482 570 1565 615 de-

269 640 500 687 tracturus.
521 656 667 703 neque
695 641 814 688 enim
843 655 1017 705 poterat
1035 660 1183 692 carcer
1200 645 1372 703 videri,
1392 644 1438 691 in
1469 659 1563 708 quo

268 715 471 762 Socrates
497 729 604 762 erat.
638 716 755 777 Quis
784 733 926 780 usque
950 735 1007 765 eo
1026 719 1080 765 ad
1109 718 1464 783 conspiciendam
1485 734 1564 765 ve-

269 788 444 835 ritatem
464 800 719 837 excaecatus
746 789 808 836 est
823 826 836 848 ,
862 805 910 838 ut
938 790 1227 855 ignominiam
1248 805 1370 855 putet
1391 793 1455 838 M.
1475 790 1565 836 Ca-

268 860 390 908 tonis
418 860 546 908 fuisse
559 898 573 920 ‚
594 861 818 926 duplicem
837 862 882 909 in
902 864 1119 926 petitione
1144 879 1371 928 praeturae
1387 875 1431 911 et
1451 879 1564 911 con-

269 934 429 982 sula-tus
454 935 710 998 repulsam?
745 934 992 1000 ignominia
1021 937 1092 984 illa
1119 948 1350 1000 praeturae
1373 948 1417 984 et
1446 952 1564 983 con-

270 1008 432 1056 sulatus
454 1009 555 1069 fuit,
573 1010 734 1076 quibus
753 1026 806 1056 ex
829 1011 1004 1059 Catone
1021 1012 1171 1059 honor
1198 1011 1452 1059 habebatur.
1471 1011 1564 1057 Ne-

272 1099 353 1130 mo
382 1085 438 1130 ab
469 1084 556 1131 alio
584 1085 886 1132 contemnitur
904 1121 917 1143 ‚
949 1085 1026 1132 nisi
1054 1103 1079 1133 a
1105 1085 1147 1133 se
1182 1099 1282 1133 ante
1313 1097 1565 1132 contemtus

271 1156 348 1204 est.
376 1159 568 1206 Humilis
598 1170 641 1205 et
665 1158 886 1222 proiectus
915 1159 1084 1207 animus
1103 1159 1152 1207 fit
1172 1159 1239 1206 isti
1269 1157 1564 1207 contumeliae

271 1245 559 1294 opportunus
582 1251 592 1279 :
617 1232 693 1295 qui
726 1249 837 1278 vero
866 1232 1072 1280 adversus
1098 1232 1366 1281 saevissimos
1387 1232 1505 1280 casus
1524 1231 1566 1278 se

270 1304 474 1362 extollit,
505 1317 550 1350 et
567 1322 618 1352 ea
639 1304 749 1351 mala
775 1304 934 1368 quibus
962 1306 1032 1354 alii
1059 1308 1404 1372 opprimuntur,
1432 1322 1564 1353 ever-

272 1376 357 1431 tit,
377 1377 489 1439 ipsas
516 1377 709 1424 miserias
732 1376 970 1425 infularum
989 1379 1097 1427 loco
1121 1380 1277 1427 habet:
1308 1379 1487 1444 quando
1506 1377 1568 1424 ita

275 1451 421 1499 affeffi
449 1451 601 1499 sumus
618 1486 632 1509 ‚
651 1463 700 1497 ut
724 1450 835 1498 nihil
859 1467 998 1515 aeque
1024 1469 1228 1516 magnam
1254 1452 1370 1515 apud
1392 1467 1473 1498 nos
1491 1450 1566 1496 ad-

275 1523 560 1570 mirationem
580 1534 788 1585 occupet,
806 1540 938 1587 quam
954 1525 1097 1571 homo
1115 1524 1292 1572 fortiter
1310 1524 1452 1571 miser.
1470 1524 1567 1571 Du-

275 1598 457 1646 cebatur
484 1596 668 1643 Athenis
697 1595 750 1642 ad
777 1595 1035 1658 supplicium
1063 1596 1272 1644 Aristides
1301 1614 1312 1643 :
1346 1596 1417 1644 cui
1444 1595 1567 1660 quis-

275 1672 374 1736 quis
391 1683 646 1719 occurrerat
665 1703 680 1728 ,
706 1670 943 1718 deiiciebat
961 1671 1144 1731 oculos,
1162 1685 1205 1720 et
1227 1671 1538 1735 ingemiscebat
1549 1689 1576 1729 ,·
1605 1707 1608 1710 -

275 1761 371 1791 non
395 1755 606 1808 tanquam
635 1745 681 1791 in
712 1743 943 1791 hominem
971 1744 1130 1793 iustum
1146 1781 1161 1807 9
1188 1745 1260 1792 sed
1290 1758 1498 1810 tanquam
1520 1744 1570 1793 in

275 1819 415 1881 ipsam
446 1818 652 1866 iustitiam
681 1818 1120 1868 animadverteretur.
1166 1822 1379 1869 Iuventus
1409 1819 1470 1866 est
1500 1832 1569 1866 ta-

276 1911 412 1951 men,
436 1894 513 1958 qui
539 1894 585 1941 in
612 1893 769 1943 faciem
803 1894 894 1941 eius
918 1894 1152 1958 inspueret.
1186 1905 1362 1958 poterat
1390 1895 1453 1942 ob
1477 1895 1568 1942 hoc

276 1969 463 2018 moleste
497 1968 644 2028 ferre,
679 1968 803 2033 quod
833 1967 994 2016 sciebat
1028 1969 1253 2017 neminem
1287 1969 1332 2016 id
1366 1969 1570 2016 ausurum

277 2045 378 2108 puri
409 2044 513 2092 oris.
544 2045 605 2090 At
628 2042 698 2089 ille
730 2041 921 2090 abstersit
945 2041 1133 2100 faciem,
1171 2053 1214 2089 et
1245 2041 1473 2089 subridens
1508 2040 1571 2088 ait

276 2119 512 2168 comitanti
543 2118 583 2166 se
617 2116 918 2182 magistratui:
960 2115 1172 2161 Admone
1199 2113 1357 2167 istum,
1387 2130 1443 2160 ne
1481 2128 1569 2176 po-

277 2195 367 2243 stea
394 2207 485 2242 tam
510 2193 715 2257 improbe
738 2191 908 2239 oscitet.
937 2190 1042 2237 Hoc
1068 2188 1152 2236 fuit
1179 2187 1473 2236 contumeliae
1498 2187 1571 2250 ip·-

279 2271 312 2318 fi
346 2269 660 2318 contumeliam
692 2268 849 2315 facere.
880 2265 984 2312 Scio
1012 2264 1230 2328 quosdam
1259 2262 1432 2319 dicere,
1461 2277 1572 2308 con·
1633 2264 1634 2269 ’

280 2356 418 2389 temtu
443 2343 550 2389 nihil
567 2343 653 2390 effe
680 2341 884 2405 gravius,
910 2353 1101 2386 mortem
1121 2334 1222 2399 ipfis
1249 2335 1473 2399 potiorem
1494 2334 1569 2381 vi·-

281 2415 390 2462 deri.
426 2416 506 2462 His
536 2432 620 2479 ego
650 2414 954 2477 respondebO,
983 2424 1028 2460 et
1059 2410 1258 2461 exsilium
1295 2408 1420 2471 saepe
1452 2424 1569 2455 con-

279 2487 494 2541 temtione
515 2488 642 2536 omni
669 2504 833 2536 carere.
854 2487 899 2534 Si
917 2501 1103 2551 magnus
1127 2483 1200 2535 vir
1228 2483 1417 2539 cecidit,
1447 2496 1571 2545 mag=
