1741 2919
550 162 652 208 DE
701 162 837 207 1RA
889 161 1110 207 LIB.1.
1398 178 1451 224 ις

179 269 269 317 do?
292 258 395 318 cuni
411 269 589 317 affectus
610 268 864 332 repercussit
883 268 1088 314 affectum
1107 304 1119 325 ,
1137 279 1179 314 et
1200 280 1271 314 aut
1291 282 1458 328 metus,

177 358 249 391 aut
280 345 491 407 cupiditas
518 344 682 406 aliquid
709 345 976 406 impetravit.
1004 360 1103 398 non
1135 344 1317 391 rationis
1348 359 1456 393 tunc

179 417 393 466 beneficio
434 417 602 481 quievit
630 452 645 475 ‚
695 417 767 465 sed
807 416 1039 464 affectuum
1083 417 1218 464 infida
1260 431 1305 465 et
1346 419 1458 465 mala

183 507 304 553 pace.

246 568 324 613 IX.
351 565 556 630 Denique
578 567 686 613 nihil
711 565 840 613 habet
860 564 904 612 in
923 566 963 612 se
984 566 1086 612 utile
1100 602 1113 623 ,
1134 583 1213 614 nec
1233 567 1347 615 acuit
1365 569 1460 615 ani-

182 657 300 687 mum
321 640 374 686 ad
394 657 462 687 res
479 640 669 687 bellicas.
689 642 927 703 Nunquam
949 640 1064 686 enim
1088 642 1225 688 virtus
1255 642 1369 689 vitio
1387 642 1461 687 ad-

180 713 369 762 iuvanda
387 713 472 771 est,
498 713 540 768 se
562 728 785 760 contenta.
815 712 1006 772 Quoties
1037 712 1207 774 impetu
1234 730 1346 776 opus
1373 714 1462 773 est,

183 803 274 832 non
309 785 505 833 irascitur
518 822 530 843 ‚
562 786 634 831 sed
660 785 848 847 exsurgit
861 821 874 842 ‚
905 797 946 830 et
977 783 1023 829 in
1056 797 1264 847 quantum
1292 787 1464 848 putavit

181 875 294 922 opus
307 858 415 916 effe,
432 858 679 905 concitatur
697 857 1015 919 remittiturque
1033 874 1046 902 t
1067 873 1155 903 non
1174 860 1311 916 aliter,
1331 877 1464 923 quam
1522 913 1523 916 Ἰ

183 949 294 996 quae
322 930 553 978 tormentis
580 931 883 994 exprimuntur
909 930 1021 986 tela,
1053 931 1096 976 in
1124 931 1335 992 potestate
1362 934 1466 980 mit-

183 1005 311 1053 tentis
329 1005 426 1051 sunt
440 1039 452 1062 ‚
471 1005 515 1048 in
534 1015 746 1066 quantum
767 1015 1066 1066 torqueantur.
1092 1006 1183 1058 lra,
1203 1004 1346 1067 inquit
1366 1005 1467 1051 Ari-

184 1078 357 1125 stoteles
374 1113 387 1135 ‚
414 1076 650 1124 necessaria
680 1076 741 1122 est
763 1094 774 1122 :
795 1093 877 1122 nec
907 1076 1146 1139 quidquam
1172 1075 1259 1123 fine
1290 1077 1362 1123 illa
1390 1095 1466 1124 ex·-

184 1150 366 1214 pugnari
384 1148 552 1212 potest,
574 1147 650 1194 nisi
668 1148 736 1194 illa
752 1148 932 1211 impleat
950 1147 1145 1193 animum
1162 1184 1176 1206 ‚
1204 1159 1247 1194 et
1263 1148 1465 1212 spiritum

184 1223 403 1270 accendat.
424 1221 648 1269 Utendum
679 1232 821 1267 autem
841 1221 914 1266 illa
935 1219 1021 1275 est;
1044 1237 1134 1265 uon
1154 1235 1201 1267 ut
1222 1223 1332 1268 duce
1347 1257 1361 1276 ,
1392 1223 1464 1270 sed

184 1309 230 1342 ut
247 1295 400 1342 milite.
420 1295 541 1358 quod
559 1293 620 1339 est
640 1292 809 1339 falsum.
846 1293 956 1338 Nam
978 1292 1008 1337 fi
1028 1292 1204 1337 exaudit
1221 1293 1433 1340 rationem
1451 1331 1467 1352 ,

184 1382 226 1416 et
255 1369 445 1433 sequitur
462 1386 548 1432 qua
577 1368 752 1414 ducitur
768 1403 782 1422 ‚
799 1366 885 1411 iam
907 1382 999 1410 non
1018 1365 1080 1412 est
1098 1365 1159 1410 ira
1180 1383 1191 1411 :
1220 1367 1341 1412 cuius
1361 1384 1467 1430 pro-

183 1444 327 1507 prium
346 1443 407 1490 est
425 1441 714 1489 contumacia.
737 1440 780 1485 Si
800 1456 912 1486 vero
933 1451 1144 1500 repugnat
1163 1471 1177 1493 ‚
1209 1452 1254 1485 et
1282 1456 1374 1486 non
1393 1441 1468 1488 ubi

183 1517 290 1564 iuffa
311 1517 372 1565 est
392 1517 572 1580 quiescit
586 1552 599 1573 ,
620 1515 692 1562 sed
712 1514 890 1560 libidine
909 1513 1162 1577 ferociaque
1183 1515 1469 1576 provehitur:

183 1605 270 1640 tam
292 1592 457 1640 inutilis
481 1591 617 1638 animi
636 1590 830 1636 minister
848 1589 909 1636 est
925 1625 937 1645 ‚
958 1606 1089 1652 quam
1110 1589 1233 1636 miles
1249 1623 1262 1645 ‚
1292 1590 1366 1653 qui
1385 1591 1469 1653 fig-

185 1684 292 1714 num
312 1667 505 1729 receptui
526 1665 716 1729 negligit.
741 1668 889 1726 ltaque
911 1664 939 1710 fi
959 1665 1145 1711 modum
1164 1665 1369 1711 adhibere
1391 1665 1468 1711 fibi

185 1740 346 1804 patitur
360 1776 373 1797 ,
405 1739 490 1786 alio
510 1738 690 1785 nomine
708 1737 965 1800 appellanda
986 1736 1047 1783 cst
1067 1755 1076 1782 :
1101 1737 1252 1784 desinit
1273 1738 1333 1783 ira
1354 1738 1439 1785 effe
1454 1773 1470 1798 ,

187 1831 316 1878 quam
337 1813 618 1861 effraenatam
636 1810 986 1874 indomitamque
1007 1811 1216 1874 intelligo.
1236 1812 1266 1857 fi
1287 1827 1375 1856 non
1395 1828 1468 1874 pa-

186 1888 318 1943 titur3
346 1886 585 1950 perniciosa
614 1885 676 1933 est
695 1918 709 1941 ‚
741 1902 820 1931 nec
853 1884 965 1930 inter
996 1885 1152 1930 auxilia
1186 1885 1469 1933 numeranda.

187 1964 251 2008 Ita
273 1974 346 2008 aut
374 1961 438 2007 ira
463 1978 554 2007 non
572 1959 655 2017 est,
681 1975 755 2007 aut
784 1958 945 2004 inutilis
963 1957 1035 2005 est.
1058 1960 1173 2003 Nam
1194 1958 1224 2003 si
1241 1958 1338 2020 quis
1357 1976 1470 2021 poe-

187 2034 462 2098 namexigit,
479 2051 569 2081 non
591 2033 721 2095 ipsius
741 2047 909 2094 poenae
928 2031 1105 2087 avidus,
1126 2029 1197 2077 sed
1215 2031 1315 2093 quia
1332 2048 1470 2093 opor-

186 2120 270 2164 tet3
287 2125 378 2154 non
394 2106 455 2155 est
471 2104 823 2153 annumerandus
841 2104 972 2151 iratis.
990 2105 1075 2151 Hic
1093 2105 1174 2151 erit
1189 2105 1302 2151 utilis
1320 2105 1442 2152 miles
1455 2141 1471 2164 ‚

189 2183 267 2245 qui
283 2182 360 2229 scit
376 2198 528 2245 parere
546 2180 741 2228 consilio.
758 2180 953 2226 Affessus
969 2179 1145 2243 quidem
1167 2190 1255 2223 tam
1268 2176 1371 2223 mali
1390 2177 1472 2223 rni-

191 2254 333 2311 nistri‚
352 2271 481 2318 quam
499 2255 632 2300 duces
648 2252 756 2298 sunt.
788 2252 895 2297 Ideo
917 2268 1141 2313 nunquam
1159 2249 1338 2295 ass‘umet
1356 2250 1471 2296 ratio

189 2326 235 2374 in
249 2325 519 2373 adiutorium
531 2324 813 2387 improvidos
833 2336 876 2370 et
892 2324 1111 2370 violentos
1131 2323 1336 2385 impetus,
1354 2323 1473 2385 apud

191 2416 306 2463 quos
335 2398 441 2445 nihil
472 2397 560 2460 ipsa
589 2396 858 2443 auctoritatis
886 2396 1040 2442 habeat
1066 2415 1076 2441 :
1103 2412 1217 2458 quos
1249 2413 1473 2459 nunquam

191 2471 489 2536 comprimere
509 2469 639 2533 possit
652 2504 667 2527 ‚
698 2467 775 2514 nisi
803 2484 928 2531 pares
952 2466 1033 2515 illis
1058 2467 1301 2531 similesque
1324 2484 1475 2531 oppo-
