1741 2919
299 135 821 187 CONSOLATIO
857 136 958 186 AD
1003 136 1278 187 POLYB.
1365 142 1446 188 161

157 242 245 299 est,
268 260 402 307 quam
426 243 617 307 aliquem
636 243 839 298 moveri,
859 244 982 306 quod
1007 245 1083 291 sibi
1108 245 1201 292 talis
1225 246 1358 293 frater
1376 262 1450 309 pa·

156 333 255 363 rum
275 316 352 363 diu
380 318 643 381 contigerit:
669 332 760 361 non
786 318 998 379 gaudere,
1025 321 1149 381 quod
1173 332 1319 366 tamen
1339 337 1452 367 con-

159 389 318 452 tigerit.
339 393 400 438 At
424 388 673 453 inopinanti
693 401 870 450 ereptus
899 389 972 437 est.
996 394 1081 438 Sua
1108 408 1329 456 quemque
1355 411 1452 441 cre«

155 463 312 510 dulitas
329 463 491 526 decipit
510 480 520 509 :
541 474 583 508 et
603 462 648 507 in
663 460 723 508 eis
742 477 857 524 quae
880 461 1043 526 diligit,
1063 463 1312 511 voluntaria
1332 482 1453 514 mor-

153 536 330 583 talitatis
358 535 548 583 oblivio.
573 535 743 581 Natura
765 535 874 580 nulli
899 537 941 582 se
961 536 1219 584 neceffitatis
1240 538 1337 585 suae
1357 557 1449 603 gra-

154 609 259 656 tiam
282 608 489 655 fafturam
518 607 604 655 effe
625 607 772 654 testata
798 607 871 654 est.
899 610 1120 670 Quotidie
1139 622 1312 673 praeter
1331 629 1449 660 ocum

153 684 222 730 los
252 682 426 729 nostros
447 682 670 729 transeunt
701 695 912 729 notorum
944 683 1299 748 ignotorumque
1325 687 1450 736 fune-

152 772 201 803 ra
223 773 234 802 τ
261 772 342 802 nos
361 768 511 802 tamen
537 754 652 800 aliud
675 753 876 817 agimus,
903 768 945 802 et
969 756 1157 802 subitum
1180 757 1225 803 id
1248 770 1449 820 putamus

152 834 274 889 effe,
317 833 443 896 quod
481 831 608 878 nobis
644 842 739 875 tota
784 831 874 876 vita
910 831 1191 878 denuntiatur
1236 833 1449 882 futurume

152 907 261 953 Non
301 906 361 952 est
395 907 542 969 itaque
582 902 659 948 ista
695 901 894 948 fatorum
931 902 1166 965 iniquitas,
1206 904 1279 951 sed
1318 924 1449 953 men—-

155 979 210 1027 tis
244 981 457 1027 humanae
493 978 713 1042 pravitas,
744 976 991 1023 insatiabilis
1027 994 1176 1024 rerum
1207 981 1407 1028 omnium
1430 1001 1444 1029 :

151 1070 264 1117 quae
305 1055 556 1118 indignatur
598 1052 700 1099 inde
742 1049 784 1096 se
824 1050 943 1098 exire
970 1082 986 1107 ,
1028 1068 1121 1116 quo
1165 1054 1344 1100 admissa
1384 1056 1447 1103 est

148 1144 364 1190 precario.
1000 1158 1002 1160 v

215 1200 372 1247 XXX.
396 1201 582 1260 Quanto
602 1198 674 1245 ille
697 1197 875 1254 iustior,
897 1197 974 1262 qui
1002 1199 1196 1246 nuntiata
1226 1200 1302 1247 filii
1321 1218 1444 1249 mor-

150 1284 216 1329 te,
236 1274 413 1336 dignam
437 1289 598 1336 magno
624 1272 726 1319 viro
746 1288 907 1319 vocem
935 1273 1097 1319 emifit:
1122 1276 1217 1337 Ego
1237 1292 1338 1321 cum
1362 1292 1442 1338 ge-

148 1346 253 1403 nui,
280 1358 373 1392 tum
407 1346 669 1392 moriturum
691 1344 813 1391 scivi.
858 1345 1038 1392 Prorsus
1065 1362 1156 1392 non
1188 1347 1356 1393 mireris
1387 1365 1441 1395 ex

147 1419 236 1466 hoc
263 1431 413 1465 natum
447 1418 559 1478 effe,
588 1419 664 1482 qui
691 1418 866 1465 fortiter
893 1420 1009 1466 mori
1039 1419 1196 1483 posset.
1227 1423 1332 1467 Non
1364 1440 1441 1469 ac-

146 1493 266 1555 cepit
290 1505 497 1556 tanquam
530 1509 701 1539 novum
730 1493 963 1551 nuntium,
994 1492 1071 1539 filii
1099 1508 1304 1541 mortem.
1330 1497 1439 1559 quid

145 1567 207 1614 est
238 1567 356 1614 enim
379 1568 518 1627 novi,
549 1568 780 1615 hominem
803 1568 954 1634 mori,
986 1568 1108 1615 cuius
1133 1582 1227 1616 tota
1252 1571 1343 1617 vita
1371 1573 1440 1618 ni-

145 1643 208 1690 hil
235 1644 353 1690 aliud
383 1661 516 1707 quam
547 1644 604 1689 ad
633 1655 823 1690 mortem
858 1643 941 1689 iter
965 1642 1064 1691 est?
1101 1645 1197 1707 Ego
1229 1662 1328 1691 cum
1360 1662 1440 1709 ge·-

144 1717 244 1773 nui‚
270 1729 365 1764 tum
399 1717 666 1763 moriturum
694 1716 816 1763 scivi.
844 1716 1025 1764 Deinde
1049 1716 1208 1764 adiecit
1233 1736 1325 1765 rem
1349 1737 1440 1766 ma-

145 1792 254 1840 ioris
268 1808 311 1839 et
335 1792 590 1855 prudentiae
620 1804 663 1839 et
693 1792 861 1838 animi:
891 1791 1008 1838 Huic
1039 1792 1104 1838 rei
1130 1792 1289 1838 sustuli.
1319 1796 1440 1841 Om-

144 1884 220 1915 nes
246 1867 349 1914 huic
378 1867 441 1914 rei
466 1866 664 1914 tollimur
688 1884 698 1913 :
725 1866 923 1931 quisquis
942 1867 996 1912 ad
1023 1866 1161 1913 vitam
1188 1868 1334 1916 editur
1350 1906 1362 1926 ‚
1382 1871 1439 1918 ad

144 1955 335 1987 mortem
354 1940 606 1987 destinatur.
629 1941 912 1986 Gaudeamus
932 1956 1041 2003 ergo
1062 1957 1218 1987 omnes
1239 1959 1295 1989 eo
1314 1944 1438 2008 quod

143 2014 291 2070 datur,
310 2013 633 2076 reddamusque
654 2013 700 2058 id
731 2029 831 2059 cum
858 2013 1158 2075 reposcemur.
1184 2013 1318 2059 alium
1347 2016 1436 2063 alio

142 2099 344 2151 tempore
365 2087 447 2133 fata
466 2087 864 2150 comprehendent,
879 2087 1100 2134 neminem
1121 2088 1433 2151 praeteribunt.

143 2162 192 2207 In
226 2160 453 2223 ριόεἱηὲὶιι
486 2159 563 2207 stet
597 2159 800 2206 animus:
831 2171 873 2206 et
903 2159 949 2205 id
984 2160 1110 2223 quod
1136 2161 1304 2208 necesse
1336 2162 1433 2221 est,

144 2251 369 2298 nunquam
391 2235 569 2281 timeat:
590 2234 712 2297 quod
737 2234 952 2280 int-ertum
974 2233 1051 2291 est,
1074 2235 1243 2296 semper
1262 2235 1438 2296 exspec-

144 2319 218 2353 tet.
239 2306 362 2367 Quid
377 2308 522 2354 dicam
544 2308 694 2363 duces,
715 2307 972 2369 ducumque
994 2308 1243 2370 progenies,
1262 2319 1303 2353 et
1323 2309 1437 2355 mul-

141 2380 194 2427 tis
221 2394 293 2425 aut
311 2377 605 2425 consulatibus
632 2379 925 2440 conspicuos,
953 2391 1028 2423 aut
1052 2379 1311 2441 triumphis,
1341 2381 1437 2428 sor-

141 2462 185 2498 te
212 2448 443 2495 defun&05
475 2448 767 2495 inexorabili?
796 2461 892 2497 tota
921 2466 1024 2499 cum
1056 2451 1236 2515 regibus
1267 2470 1433 2518 regna,

204 2518 251 2561 L.
274 2518 394 2563 Arm.
419 2518 587 2565 Seneca.
620 2518 713 2562 Vol,
734 2517 773 2563 Ῑ.
