1741 2919
301 147 760 196 CONSOLATIO
794 148 889 195 AD
923 151 1264 198 MARCIAM,
1338 125 1422 215 19‘3

138 256 226 305 frui
254 271 347 303 non
377 256 530 303 liceret
560 253 669 301 filio.
703 254 856 301 Circui
890 273 970 317 per
999 273 1179 303 omnem
1207 271 1425 305 notorum

137 345 183 377 et
203 329 461 393 ignotorum
483 327 775 390 frequentiam
795 328 959 375 oculis:
980 343 1215 377 occurrent
1232 329 1311 375 tibi
1331 330 1428 392 pas-

139 400 171 451 fi
201 405 364 467 ubique
394 404 574 449 maiora.
607 401 839 448 Senserunt
873 402 949 449 ista
970 404 1114 466 magni
1145 405 1303 460 duces,
1331 406 1428 452 sen-

140 478 288 525 serunt
306 475 540 540 principes.
569 493 623 521 ne
653 477 761 522 deos
790 476 970 540 quidem
1002 473 1176 524 fabulae
1205 478 1426 526 immunes

141 545 443 614 reliquerunt:
470 558 579 610 puto
610 562 658 594 ut
687 547 942 594 nostrorum
972 549 1174 596 funerum
1200 551 1427 598 levamen-

140 640 235 672 tum
251 618 355 668 effet
369 657 383 680 ,
400 621 529 667 etiam
549 620 699 667 divina
723 622 974 670 concidere,
1002 623 1305 687 Circumspice
1324 661 1336 682 2,
1357 625 1426 671 in·-

140 711 304 759 qumn,
333 709 500 741 omnes.
529 692 689 739 nullam
722 704 807 739 tam
842 694 1041 741 miseram
1070 696 1319 744 nominabis
1343 699 1425 745 do·

140 785 280 826 mum,
299 784 414 831 quae
434 783 526 813 non
539 766 734 812 inveniat
753 766 797 812 in
820 767 1044 814 miseriore
1062 769 1280 816 solatium.
1296 772 1422 830 Non,

139 840 412 895 mehercule,
428 853 517 885 tam
538 839 649 887 male
669 840 722 885 de
752 841 951 887 moribus
979 840 1060 888 tuis
1085 842 1249 901 femie,
1270 856 1319 890 vt
1339 860 1426 907 pu·-

140 925 230 962 tem
246 913 370 978 poss'e
389 928 430 960 te
450 914 589 962 levius
606 914 693 977 pati
712 915 858 961 casum
879 928 1002 962 tuum
1019 953 1032 971 ‚
1053 917 1081 962 fi
1103 918 1181 963 tibi
1200 918 1424 982 ingentem

141 1003 376 1033 numerum
398 988 643 1051 lugentium
670 988 944 1049 produxero.
964 990 1162 1037 malivoli
1181 991 1321 1039 solatii
1351 1011 1426 1057 ge-

141 1078 222 1108 nus
242 1061 328 1119 est,
348 1062 474 1107 turba
496 1061 769 1108 miserorum.
790 1063 1023 1122 Quosdam
1046 1075 1192 1111 tamen
1210 1067 1394 1114 referam
1412 1080 1424 1115 τ’

141 1150 234 1179 non
259 1146 307 1180 ut
327 1134 457 1188 scias,
485 1134 575 1182 hoc
602 1134 743 1181 solere
764 1135 1019 1182 hominibus
1046 1137 1244 1184 accidere
1274 1157 1285 1185 ε
1319 1140 1426 1186 ridi-

141 1201 288 1253 culum
312 1206 373 1252 est
400 1206 517 1252 enim
534 1241 549 1263 ‚
577 1206 852 1254 mortaiitatis
872 1207 1074 1271 exempia
1094 1209 1302 1273 colligere
1321 1229 1331 1257 :
1352 1212 1426 1259 sed

141 1291 192 1325 ut
212 1279 315 1326 scias
341 1279 465 1326 fuisse
493 1280 680 1335 multos,
705 1280 782 1343 qui
807 1279 1024 1328 lenierunt
1046 1281 1192 1343 aspera
1208 1320 1220 1339 ‚
1241 1283 1426 1331 ferendo

142 1352 326 1415 placide.
356 1356 396 1399 A
414 1352 660 1400 feliciffimo
686 1352 912 1416 incipiam.
945 1356 991 1401 L.
1011 1356 1133 1419 Sylla
1159 1355 1297 1403 filium
1319 1359 1427 1406 ami-

141 1424 193 1471 fit
213 1439 224 1471 2
249 1441 328 1473 nec
355 1443 405 1473 ea
428 1441 496 1473 res
522 1439 595 1473 aut
619 1426 815 1474 militiam
845 1428 963 1487 eius,
984 1441 1028 1476 et
1054 1430 1311 1477 acerrimam
1332 1432 1427 1479 vir-

144 1510 283 1546 tutem
307 1497 351 1545 in
371 1497 517 1546 hostes
547 1499 785 1562 civesque.
813 1501 1050 1550 contudit:
1082 1514 1155 1548 aut
1179 1502 1350 1562 effecit,
1379 1515 1428 1551 ut

141 1587 398 1635 cognomen
438 1571 547 1618 illud
586 1572 807 1634 usurpasse
849 1573 971 1621 salvo
1011 1574 1263 1631 videretur,
1303 1573 1427 1640 quod

143 1644 299 1691 amiffo
334 1645 430 1692 filio
461 1644 687 1692 affumfit·
721 1663 802 1693 nec
834 1647 936 1693 odia
967 1647 1202 1695 hominum
1230 1650 1426 1709 veritus,

146 1734 338 1781 quorum
363 1718 486 1765 malis
493 1732 517 1795 j
520 1717 645 1765 illius
666 1717 796 1765 nimis
815 1719 1026 1767 secundae
1050 1724 1116 1767 res
1140 1722 1428 1769 constabant⁴
1415 1753 1427 1771 ό

145 1807 228 1838 nec
253 1783 466 1838 invidiam
492 1793 710 1847 deorum,
742 1808 934 1855 quorum
967 1793 1075 1840 illud
1104 1794 1272 1841 crimen
1307 1808 1428 1854 erat,

145 1864 269 1929 Sylla
295 1877 384 1912 tam
411 1864 532 1913 felix.
560 1867 644 1912 Sed
665 1865 778 1913 istud
803 1866 917 1913 inter
944 1883 1010 1913 res
1028 1867 1228 1913 nondum
1259 1867 1429 1914 iudica-³

146 1953 204 1987 tas
234 1940 471 1997 habeatur,
495 1940 634 2004 qualis
662 1940 783 2002 Sylla
814 1939 953 1986 fuerit
977 1957 990 1985 τ
1016 1939 1147 1986 etiam
1171 1939 1342 1986 inimici
1366 1940 1428 1987 fa-

144 2014 354 2060 tebuntur
370 2049 387 2071 ,
417 2013 529 2059 bene
560 2013 680 2058 illum
711 2029 833 2058 arma
860 2011 1052 2058 sumfiffe
1070 2047 1083 2071 ,
1111 2013 1224 2064 hene
1257 2013 1430 2076 posuis-

145 2087 188 2135 se
211 2105 222 2132 :
242 2088 330 2134 hoc
347 2087 402 2134 de
418 2103 510 2151 quo
531 2086 673 2150 agitur
698 2084 914 2133 constabit
928 2118 941 2143 ‚
966 2102 1060 2133 non
1082 2085 1168 2133 effe
1190 2087 1430 2134 maximum

148 2160 311 2207 malum
327 2196 342 2219 ,
367 2160 490 2222 quod
519 2160 652 2206 etiam
678 2159 733 2204 ad
760 2157 1031 2205 feliciffimos
1054 2159 1272 2221 pervenit.

213 2235 333 2281 XIII.
366 2228 437 2279 Ne
456 2232 586 2279 nimis
604 2232 842 2279 admiretur
867 2231 1055 2280 Graecia
1079 2231 1206 2278 illum
1239 2243 1433 2294 patrem,

147 2306 223 2372 qui
241 2307 287 2353 in
307 2307 404 2370 ipso
434 2305 649 2355 sacrificio
684 2307 876 2353 nuntiata
897 2305 976 2353 filii
996 2318 1141 2353 morte
1159 2341 1174 2363 ,
1203 2303 1433 2353 tibicinem

148 2390 318 2426 tantum
351 2392 497 2426 tacere
527 2379 674 2437 iamt,
707 2392 752 2426 et
789 2394 1005 2425 coronam
1042 2379 1174 2442 capiti
1207 2380 1396 2426 detraxit
1418 2410 1434 2438 ‚

147 2467 295 2501 cetera
326 2451 407 2499 rite
434 2451 631 2515 perfecit.
674 2453 881 2500 Pulvillus
907 2452 1052 2503 effecit
1086 2452 1292 2516 pontifex
1310 2485 1329 2513 9
1363 2454 1434 2500 cui

218 2519 267 2564 L.
288 2520 414 2565 Ann.
442 2521 613 2567 Seneca.
645 2521 740 2565 Vol.
760 2520 800 2563 L
1137 2518 1180 2563 N
