1741 2919
490 118 593 165 DE
645 119 777 166 tRA
832 120 1082 167 maii.
1371 137 1424 185 31

144 238 235 284 tat,
265 242 496 290 equosque
533 225 764 272 castrenses
801 226 929 289 erigit
962 226 1153 290 crepitus
1192 245 1432 278 armorum.

146 300 440 358 Alexandrum
461 298 581 344 aiunt
595 335 609 357 ‚
628 298 931 360 Xenophanto
952 314 1151 358 canente,
1174 318 1352 348 manum
1380 303 1436 350 ad

144 377 262 418 arma
288 371 455 417 mffiffe.

211 448 278 491 ΠΙ.
300 446 419 491 Nihil
441 461 493 491 ex
514 443 578 503 bis
606 461 715 508 quae
744 446 936 492 animum
965 445 1148 493 fortuitu
1174 447 1403 510 impellunt
1420 485 1434 506 ‚

142 519 323 567 affeelus
346 519 499 565 vocari
522 520 665 565 (lebet.
684 519 759 565 ista
774 556 787 579 ,
813 536 859 566 ut
883 521 937 565 ita
961 521 1103 566 (licam
1123 558 1135 578 ,
1158 524 1320 584 patitur
1340 540 1434 568 ma-

142 593 206 656 gis
231 592 434 650 animus,
469 607 600 654 qvam
633 591 750 639 facit.
784 595 903 657 Ergo
936 594 1110 640 affeclus
1137 596 1225 654 est,
1257 614 1346 642 non
1377 598 1433 647 ad

142 666 312 714 oblatas
333 682 475 712 rerum
492 665 654 727 species
670 667 842 714 moveri
862 701 875 723 ,
896 668 967 714 sed
987 671 1239 730 permittere
1260 672 1299 716 se
1319 672 1430 719 illis:

143 757 186 790 et
206 743 324 789 hunc
343 739 577 787 fbrtuitum
598 755 769 787 motum
791 743 1003 806 persequi.
1032 745 1145 789 Nam
1169 745 1198 790 fi
1226 745 1322 808 quis
1340 748 1432 808 pal-

131 817 282 865 lorem
299 851 312 873 ,
343 826 386 861 et
411 814 610 861 lacrimas
639 816 918 876 procidentes
934 851 946 873 ‚
974 829 1017 862 et
1044 817 1329 863 irritationem
1354 819 1432 864 hu-

140 889 276 936 moris
293 887 530 943 obscoeni,
551 890 749 935 altumve
771 889 1020 952 suspirium,
1043 904 1087 935 et
1107 892 1263 937 oculos
1289 891 1430 939 subito

133 962 331 1015 *acriores
349 997 362 1019 ‚
383 972 456 1007 aut
473 961 579 1025 quid
606 960 673 1006 his
693 961 826 1008 simile
841 997 855 1019 ‚
880 961 1091 1008 indicium
1113 963 1311 1021 affectus,
1339 964 1431 1010 ani-

140 1036 291 1100 mique
312 1035 477 1100 signum
497 1048 645 1098 putat·,
665 1035 851 1092 fallitur,
874 1052 953 1083 nec
974 1037 1201 1102 intelligit,
1222 1041 1305 1086 hos
1325 1057 1430 1087 cor-

131 1109 259 1173 ‘poris
287 1109 372 1155 ess'e
409 1109 565 1172 pulli-is.
611 1110 758 1171 ltaque
793 1120 835 1154 et
873 1107 1128 1156 fortiffimus
1164 1111 1426 1176 plerumque

137 1184 208 1231 vir
224 1220 237 1241 ,
259 1184 363 1231 dum
389 1198 607 1239 armatur,
629 1181 863 1243 expalluit:
886 1194 927 1228 et
949 1182 1069 1246 signo
1094 1201 1260 1248 pugnae
1291 1187 1395 1233 dato
1412 1223 1427 1246 ‚

130 1258 409 1307 ,ferociffimo
441 1256 565 1302 militi
603 1253 827 1318 paululum
861 1272 1000 1318 genua
1030 1270 1302 1304 tremuerunt
1336 1278 1345 1305 :
1380 1276 1425 1309 et

137 1349 304 1396 magno
334 1331 625 1395 imperatori,
650 1345 880 1394 antequam
913 1332 1027 1378 inter
1050 1333 1091 1378 se
1123 1333 1236 1378 acies
1269 1335 1425 1381 arieta-

132 1422 259 1464 rent,
279 1424 357 1454 cor
377 1405 546 1452 exsiluit
568 1424 578 1451 :
601 1421 643 1452 et
658 1405 830 1452 oratori
845 1405 1223 1469 eloquentiffimo‚
1243 1409 1347 1454 dum
1367 1410 1423 1456 ad

136 1479 372 1526 dicendum
411 1479 700 1542 componitur
721 1516 734 1537 ,
766 1480 932 1526 summa
965 1480 1198 1544 riguerunt.
1234 1488 1299 1529 Ira
1331 1502 1423 1532 non

132 1554 309 1602 moveri
330 1565 524 1610 tantum,
552 1553 624 1600 sed
648 1569 880 1599 excurrere
898 1553 1040 1599 debet.
1060 1553 1121 1600 est
1141 1555 1257 1601 enim
1281 1558 1421 1620 impe.

132 1640 215 1674 tus.
236 1643 460 1690 nunquam
481 1639 624 1672 autem
646 1627 841 1688 impetus
866 1625 953 1672 fine
977 1626 1139 1672 assensu
1161 1631 1317 1676 mentis
1337 1632 1425 1680 est:

131 1719 276 1765 neque
296 1701 413 1748 enim
444 1699 537 1746 fieri
559 1698 706 1763 potest
722 1735 735 1756 ‚
758 1712 807 1746 ut
827 1700 880 1746 de
905 1700 1072 1747 ultione
1091 1715 1133 1748 et
1162 1720 1304 1763 poena
1322 1721 1421 1768 aga-

124 1789 228 1831 rtur,
249 1775 401 1822 animo
421 1775 649 1822 nesciente.
676 1774 848 1821 Putavit
873 1775 914 1821 se
939 1775 1093 1837 aliquis
1112 1776 1270 1822 laesum
1288 1798 1315 1833 ,·
1334 1795 1420 1823 vo-

130 1850 211 1896 luit
229 1848 378 1896 ulcisci
401 1866 411 1894 z
435 1847 706 1895 dissuadente
732 1848 874 1910 aliqua
900 1848 1023 1894 causa
1039 1885 1051 1903 ‚
1086 1849 1226 1895 statim
1254 1852 1424 1901 resedit.

130 1924 280 1978 Hanc,
300 1922 410 1968 iram
430 1938 522 1967 non
542 1938 686 1977 voce,
708 1921 780 1968 sed
798 1932 967 1967 motum
990 1922 1151 1977 animi,
1167 1924 1324 1971 rationi
1348 1944 1421 1988 pa-

128 2013 313 2045 rentem.
334 1997 408 2043 Illa
427 1997 488 2043 est
513 1997 600 2053 ira,
629 2012 738 2059 quae
764 1997 982 2043 rationem
1001 1999 1205 2054 transilit,
1227 2018 1338 2064 quae
1356 2004 1420 2049 se·-

128 2086 231 2117 cum
252 2068 376 2131 rapit.
397 2070 515 2132 Ergo
538 2069 608 2114 illa
632 2068 774 2131 prima
794 2068 974 2131 agitatio
996 2070 1150 2129 animi,
1173 2089 1305 2134 quam
1324 2074 1419 2136 spe*

127 2141 218 2190 cies
244 2141 426 2188 iniuriae
457 2142 656 2197 incuffit,
688 2159 778 2187 non
799 2143 935 2206 magis
965 2143 1028 2189 ira
1051 2144 1139 2202 est,
1168 2161 1300 2208 quam
1326 2147 1418 2209 ipsa

127 2211 310 2260 iniuriae
336 2213 526 2276 specie53
556 2212 629 2259 sed
657 2212 727 2260 ille
754 2214 938 2275 lequens
964 2214 1185 2275 impetus,
1213 2215 1292 2278 qui
1321 2217 1416 2279 spe-

116 2287 241 2336 ciem
272 2287 456 2334 iniuriae
487 2302 579 2333 non
608 2299 772 2333 tantum
804 2288 976 2350 accepit
998 2319 1012 2341 ‚
1041 2287 1113 2333 sed
1139 2290 1416 2351 approbavit.

127 2363 194 2406 Ira
224 2359 284 2405 est
314 2360 552 2408 concitatio
584 2361 750 2416 animi,
783 2362 838 2407 ad
866 2362 1080 2407 ultionem
1111 2362 1337 2412 voluntate
1368 2378 1412 2412 et

128 2430 296 2479 iudicio
315 2433 551 2495 pergentis.
574 2432 805 2499 Numquid
825 2433 1007 2481 dubium
1024 2434 1111 2492 est,
1138 2435 1245 2499 quin
1271 2437 1410 2484 timor
