1741 2919
525 183 627 230 DE
678 184 811 229 iRA
863 183 1074 230 Liss.1.
1376 197 1427 225 11

156 291 313 338 menda
332 290 416 349 est,
442 291 542 355 quia
562 291 675 338 utilis
700 291 823 353 saepe
843 291 955 338 fuit?
976 289 1156 337 Extollit
1173 287 1345 336 animos
1360 322 1374 345 ‚
1392 302 1437 335 et

154 363 304 412 incitat
324 382 334 411 ε
354 381 432 412 nec
461 363 703 427 quidquam
733 364 820 411 fine
841 364 913 410 illa
938 361 1217 426 magnificum
1250 362 1293 407 in
1320 362 1436 407 bello

154 437 371 485 fortitudo
397 438 529 502 gerit,
558 437 633 484 nifi
665 439 766 485 hinc
790 437 968 485 flamma
992 438 1157 484 subdita
1178 436 1238 483 est
1255 472 1268 492 ‚
1301 450 1343 481 et
1366 435 1440 480 hic

155 511 347 559 stimulus
376 512 676 576 peragitavit,
705 513 905 577 mifitque
936 514 982 559 in
1018 511 1212 575 pericula
1244 510 1442 556 audaces.

155 584 389 648 Optimum
422 585 569 649 itaque
601 587 782 649 quidam
814 599 991 647 putant,
1028 598 1271 646 temperare
1296 583 1404 629 iram
1426 617 1441 640 ‚

154 675 246 705 non
271 659 426 707 tollere
449 676 460 705 ε
481 675 624 723 eoque
646 660 841 706 detraclo
863 660 988 723 quod
1010 659 1227 714 exundat,
1257 658 1309 703 ad
1335 657 1444 703 salu-

155 748 292 781 tarem
324 734 511 781 modum
544 748 737 798 cogere:
764 735 810 781 id
841 752 950 781 vero
981 734 1167 780 retinere
1187 769 1199 791 ‚
1230 733 1319 778 sine
1349 746 1442 794 quo

155 806 377 871 languebit
397 807 535 865 εξὶίο,
555 819 598 854 et
619 807 685 856 vis
704 825 752 854 ac
771 807 904 870 vigor
923 807 1056 852 animi
1076 805 1332 852 resolvetur.
1351 802 1445 849 Pri-

157 897 274 926 mum
289 915 302 937 ‚
330 879 499 928 facilius
518 880 579 926 est
607 880 840 927 excludere
867 879 1113 945 perniciosa
1128 916 1140 937 ‚
1164 895 1296 941 quam
1317 893 1442 940 rege·

154 969 201 999 re
224 971 235 998 t
255 964 299 999 et
320 969 411 999 non
431 954 663 1001 admittere
677 987 691 1008 ‚
712 971 842 1017 quam
864 953 1043 999 admissa
1065 951 1300 999 moderari.
1328 951 1445 997 Nam

156 1043 257 1072 cum
282 1025 324 1073 se
347 1027 393 1073 in
415 1027 679 1090 poffeffione
700 1028 970 1090 posuerunt,
994 1027 1245 1089 potentiora
1275 1025 1448 1072 rectore

154 1101 279 1159 sunt,
300 1117 383 1148 nec
408 1101 545 1148 recidi
575 1101 615 1148 se
636 1101 834 1147 minuive
866 1103 1105 1163 patiuntur.
1135 1099 1315 1147 Deinde
1334 1098 1449 1144 ratio

154 1172 243 1234 ipsa
259 1208 272 1229 ‚
299 1172 368 1219 cui
387 1171 528 1220 fraeni
546 1174 804 1229 traduntur,
823 1173 990 1220 tamdiu
1009 1185 1166 1236 potens
1187 1171 1276 1227 est,
1296 1187 1450 1234 quam-

156 1246 232 1292 diu
263 1246 435 1293 diducta
466 1246 526 1292 est
558 1247 612 1293 ab
643 1245 906 1292 affectibus:
935 1247 964 1291 fi
994 1247 1166 1293 miscuit
1194 1246 1234 1291 se
1265 1245 1376 1300 illis,
1406 1255 1450 1291 et

155 1310 433 1381 inquinavit,
477 1334 570 1364 non
600 1317 741 1380 potest
771 1317 1000 1364 continere
1033 1334 1146 1380 quos
1180 1317 1450 1363 submovere

157 1392 378 1453 potuisset.
417 1391 659 1438 Commota
678 1391 794 1437 enim
816 1391 943 1439 semel
968 1406 1010 1438 et
1027 1390 1234 1438 concussa
1263 1405 1387 1436 mens
1409 1392 1452 1438 ei

156 1464 287 1513 servit
301 1497 316 1520 ‚
338 1482 361 1511 a
382 1481 475 1528 quo
496 1465 754 1527 impellitur.
789 1466 1079 1524 Quarundam
1100 1481 1245 1511 rerum
1262 1462 1386 1510 initia
1405 1461 1451 1508 in

159 1536 304 1583 nostra
324 1537 536 1600 potestate
573 1537 700 1584 sunt:
725 1536 934 1583 ulteriora
961 1553 1043 1585 nos
1074 1537 1143 1583 sua
1174 1537 1217 1584 vi
1247 1535 1452 1598 rapiunt,

157 1627 240 1657 nec
265 1610 505 1674 regreffum
524 1610 791 1672 relinquunt.
820 1612 884 1657 Ut
912 1611 956 1656 in
984 1626 1192 1673 praeceps
1212 1610 1318 1656 datis
1345 1625 1451 1656 cor-

160 1684 342 1746 poribus
362 1684 529 1730 nullum
551 1683 612 1729 sui
629 1682 856 1728 arbitrium
878 1682 939 1728 est
957 1719 970 1740 ‚
990 1700 1071 1730 nec
1090 1682 1280 1729 resistere
1299 1698 1451 1728 mora·

164 1756 258 1810 rive
278 1757 442 1804 deiecta
461 1769 725 1820 potuerunt,
745 1756 816 1802 sed
834 1756 1064 1802 confilium
1086 1772 1219 1801 omne
1237 1767 1280 1800 et
1300 1753 1454 1816 poeni-

161 1830 340 1876 tentiam
371 1829 678 1877 irrevocabilis
710 1827 1017 1891 praecipitatio
1035 1826 1258 1881 abscidit,
1287 1839 1330 1872 et
1360 1842 1453 1872 non

162 1902 268 1951 licet
283 1920 340 1951 eo
359 1919 451 1965 non
470 1903 704 1966 pervenire
720 1940 734 1960 ‚
754 1919 846 1965 quo
865 1917 956 1948 non
971 1901 1034 1947 ire
1050 1899 1234 1949 licuiffet
1252 1917 1262 1946 ι
1283 1899 1341 1945 ita
1359 1897 1453 1944 ani-

162 1994 258 2025 mus
290 1977 321 2023 fi
348 1978 394 2023 in
415 1977 556 2029 iram,
580 1993 804 2031 amorem,
828 1974 1025 2037 aliosque
1049 1973 1088 2020 se
1116 1971 1303 2035 proiecit
1325 1969 1453 2017 affec·

164 2067 230 2098 tus
243 2086 257 2109 ‚
275 2067 375 2097 non»
387 2050 654 2113 permittitur
671 2049 911 2112 reprimere
927 2047 1154 2109 impetum.
1174 2045 1312 2107 rapiat
1329 2044 1452 2091 illum

163 2136 372 2188 oportet,
393 2137 437 2171 et
453 2125 508 2170 ad
527 2125 668 2171 imum
689 2135 784 2187 agat
802 2123 926 2170 suum
947 2121 1124 2186 pondus
1140 2156 1157 2181 ,
1176 2131 1220 2168 et
1239 2118 1454 2169 vitiorum

164 2209 316 2245 natura
338 2197 563 2260 proclivis.

230 2274 345 2319 V111.
356 2271 594 2334 Optimum
610 2270 672 2317 est
692 2270 884 2334 primum
905 2269 1225 2318 irritamentum
1240 2265 1330 2316 irae
1346 2282 1453 2331 pro·

164 2347 282 2393 tinus
298 2345 498 2408 spernere
509 2382 523 2404 ‚
540 2346 728 2409 ipsisque
745 2362 991 2409 repugnare
1011 2343 1246 2392 seminibus
1260 2377 1275 2401 ‚
1291 2357 1334 2389 et
1352 2342 1456 2389 dare

168 2435 351 2481 operam
377 2435 432 2465 ne
452 2419 694 2466 incidamus
714 2420 759 2466 iti
784 2420 906 2467 iram.
936 2421 1049 2465 Nam
1070 2417 1101 2464 fi
1121 2416 1319 2480 coeperit
1339 2414 1456 2464 ferre

169 2492 468 2554 transvers05‚
489 2494 676 2542 difficilis
703 2494 758 2559 ad
789 2494 965 2543 salutem
992 2490 1191 2543 recursus
1220 2491 1296 2540 est.
1320 2491 1455 2552 Quo-
