1741 2919
262 132 266 141 ’
305 151 407 198 DE
453 126 1018 196 PROVIDENTIA
1048 144 1296 191 Lmen.
1369 158 1460 204 237

174 256 397 321 spexeritis
415 292 428 315 ‚
458 256 642 303 meliora
672 253 940 316 maioraque.
982 251 1158 298 Permisi
1185 250 1338 310 vobis,
1365 268 1462 298 me-

175 333 336 380 tuenda
355 344 668 387 contemnere,
697 327 958 392 cupiditates
983 327 1191 373 fastidire.
1214 343 1304 372 non
1325 326 1462 389 fulge—

175 405 232 452 tis
262 405 526 452 extrinsecus
554 421 565 449 :
596 403 714 448 bona
737 399 878 447 vestra
904 399 1114 456 introrsus
1139 399 1324 445 obversa
1354 398 1464 445 sunt.

175 475 246 521 Sic
263 473 453 520 mundus
477 470 698 519 exteriora
728 468 989 522 contemsit,
1020 468 1265 531 spectaculo
1291 466 1352 513 sui
1373 467 1461 513 lae-

174 558 258 593 tus.
284 549 400 594 Intus
420 561 554 592 omne
578 543 702 606 posui
729 543 899 590 bonum
923 561 934 588 :
958 558 1049 588 non
1074 558 1201 604 egere
1225 540 1430 588 felicitate
1448 574 1464 596 ‚

175 617 358 666 felleitas
379 617 520 667 vestra
540 617 614 663 est.
639 622 697 664 At
726 615 859 662 multa
879 616 1077 662 incidunt
1098 613 1229 660 tristia
1247 649 1259 670 ‚
1278 613 1465 661 horren·-

176 692 253 748 da,
274 692 380 738 dura
403 691 602 748 toleratu.
623 691 742 752 Quia
762 706 854 736 non
878 702 1076 751 poteram
1095 705 1179 735 vos
1198 687 1287 735 istis
1304 689 1463 737 subdu*

173 784 303 825 cere,
326 767 499 813 animos
526 767 696 815 vestros
723 765 928 814 adversus
950 766 1102 811 omnia
1129 765 1311 813 armavi.
1340 766 1464 813 Ferte

173 838 351 887 fortiter
373 857 382 885 :
402 841 489 886 hoc
509 839 598 897 est,
622 843 716 903 'quo
752 840 903 885 Deum
930 839 1204 886 antecedatis.
1238 839 1309 886 ille
1341 852 1465 886 extra

158 914 427 977 patientiam
450 915 664 962 malorum
685 914 772 972 est,
793 930 878 961 vos
901 914 1027 976 supra
1048 914 1315 976 patientia‘m.
1335 916 1462 961 Con-

174 988 358 1035 temnite
377 1001 671 1051 paupertatem
692 1007 701 1033 :
726 1004 857 1033 nemo
873 1000 961 1034 tam
977 1005 1145 1050 pauper
1165 988 1305 1045 vivit,
1328 1005 1461 1052 quam

174 1074 300 1105 natus
327 1058 401 1106 est.
431 1060 715 1107 Contemnite
743 1061 948 1106 dolorem
979 1078 990 1106 ε
1025 1074 1098 1106 aut
1129 1059 1351 1116 solvetur,
1387 1073 1463 1108 aut

172 1132 328 1180 solvet.
361 1135 648 1181 Contemnite
669 1135 891 1181 fortunam
912 1153 922 1182 ε
953 1134 1121 1181 nullum
1142 1134 1202 1180 illi
1218 1134 1349 1181 telum
1368 1153 1463 1199 quo

173 1205 325 1254 feriret
355 1207 549 1254 animum
568 1245 581 1265 ‚
614 1209 728 1254 dedi.
767 1207 1053 1254 Contemnite
1092 1218 1283 1253 mortem
1309 1224 1321 1252 ε
1350 1225 1464 1271 quae

172 1296 257 1327 vos
272 1294 347 1328 aut
366 1281 486 1340 finit,
506 1296 577 1329 aut
614 1282 825 1329 transfert.
846 1285 958 1328 Ante
981 1282 1131 1327 onmia
1151 1281 1277 1338 cavi,
1295 1299 1348 1328 ne
1368 1283 1467 1345 quis

174 1370 261 1401 vos
277 1367 445 1402 teneret
465 1356 643 1404 invitos.
666 1369 785 1420 patet
806 1356 961 1404 exitus.
980 1357 1023 1402 Si
1044 1373 1236 1419 pugnare
1256 1373 1347 1401 non
1365 1357 1464 1404 vul-

173 1427 257 1485 tis,
289 1429 392 1476 licet
418 1429 584 1493 fugere.
619 1431 816 1492 Ideoque
846 1445 902 1476 ex
928 1429 1133 1475 omnibus
1164 1429 1294 1475 rebus
1314 1465 1328 1488 ‚
1356 1446 1464 1493 quas

173 1500 258 1547 effe
283 1502 414 1549 vobis
437 1503 688 1549 necessarias
710 1503 835 1550 volui
850 1539 862 1559 ,
883 1502 988 1548 nihil
1008 1502 1093 1549 feci
1111 1501 1280 1549 facilius
1294 1539 1307 1557 ‚
1328 1520 1460 1566 quam

173 1573 305 1620 mori.
323 1576 475 1620 Prono
493 1575 681 1620 animam
714 1576 818 1623 loco
840 1575 967 1639 posui
991 1593 1000 1620 ε
1018 1575 1213 1622 trahitur.
1234 1576 1460 1622 Attendite

172 1645 337 1704 modo,
368 1658 411 1692 et
432 1646 635 1693 videbitis
654 1678 668 1701 ‚
699 1664 829 1710 quam
844 1649 1011 1696 brevis
1043 1649 1098 1694 ad
1121 1649 1360 1694 libertatem
1379 1685 1391 1707 ‚
1417 1660 1462 1696 et

173 1733 308 1780 quam
338 1718 542 1781 expedita
572 1720 700 1766 ducat
722 1720 804 1767 via.
846 1722 950 1767 Non
979 1735 1066 1768 tam
1096 1721 1244 1783 longas
1265 1722 1310 1766 in
1341 1722 1462 1767 exitu

174 1790 329 1848 vobis,
348 1808 478 1854 quam
499 1791 755 1839 intrantibus
769 1829 781 1850 ,
800 1810 947 1840 moras
967 1793 1094 1856 posui
1120 1811 1130 1838 :
1154 1794 1317 1857 alioqui
1336 1811 1461 1857 mag-

172 1879 279 1912 num
307 1864 352 1909 in
382 1881 465 1911 vos
494 1882 675 1929 regnum
697 1865 874 1912 fortuna
896 1866 1121 1923 tenuisset,
1151 1864 1182 1910 fi
1210 1867 1352 1912 homo
1371 1881 1461 1913 tam

171 1941 293 1986 tarde
313 1956 581 1999 moreretur,
604 1959 733 2005 quam
757 1942 958 1988 nascitur.
978 1945 1126 1987 Omne
1145 1952 1316 2002 tempus
1331 1975 1343 1997 ‚
1361 1956 1461 1985 om*⁴

171 2012 239 2059 nis
258 2029 343 2061 vos
360 2013 484 2061 locus
514 2014 701 2071 doceat,
729 2031 861 2077 quam
887 2014 1012 2061 facile
1040 2013 1089 2060 sit
1111 2014 1357 2060 renuntiare
1380 2031 1462 2059 na-

171 2097 314 2144 turae,
333 2100 377 2134 et
395 2105 553 2134 munus
571 2090 694 2134 suum
716 2089 776 2133 illi
797 2088 1051 2153 impingere.
1074 2091 1191 2133 Inter
1210 2087 1300 2149 ipsa
1315 2088 1462 2134 altaria

171 2172 217 2206 et
243 2161 458 2208 solemnes
487 2160 820 2208 sacrificantium
841 2162 974 2218 ritus,
1006 2162 1109 2207 dum
1137 2174 1315 2224 optatur
1343 2161 1464 2219 vita,

172 2244 361 2278 mortem
387 2233 639 2280 condiscite.
660 2234 868 2296 Corpora
883 2235 1033 2296 opima
1052 2246 1278 2278 taurorum
1295 2232 1461 2296 exiguo

173 2305 416 2351 concidunt
448 2306 665 2362 vulnere,
703 2319 746 2353 et
774 2323 1030 2369 magnarum
1066 2305 1228 2352 virium
1262 2304 1464 2351 animalia

172 2379 389 2426 humanae
418 2397 570 2428 manus
597 2382 705 2427 ictus
723 2382 926 2444 impellit.
956 2380 1074 2427 tenui
1110 2380 1226 2425 ferro
1255 2380 1463 2426 commis«

172 2451 267 2500 sura
295 2454 480 2503 cervicis
504 2455 781 2519 abrumpitur
812 2473 822 2501 z
847 2467 890 2501 et
910 2472 1008 2502 cum
1029 2454 1239 2504 articulus
1259 2453 1329 2500 ille
1345 2486 1359 2510 ,
1385 2453 1462 2518 qui
