<?xml version="1.0" encoding="UTF-8"?>
<!DOCTYPE html PUBLIC "-//W3C//DTD XHTML 1.0 Transitional//EN"
    "http://www.w3.org/TR/xhtml1/DTD/xhtml1-transitional.dtd">
<html xmlns="http://www.w3.org/1999/xhtml" xml:lang="en" lang="en">
 <head>
  <title>
</title>
<meta http-equiv="Content-Type" content="text/html;charset=utf-8" />
  <meta name='ocr-system' content='tesseract 3.04.00' />
  <meta name='ocr-capabilities' content='ocr_page ocr_carea ocr_par ocr_line ocrx_word'/>
</head>
<body>
  <div class='ocr_page' id='page_1' title='image "./lannaeisenecaeph01seneuoft_0254.png"; bbox 0 0 1741 2919; ppageno 0'>
   <div class='ocr_carea' id='block_1_1' title="bbox 357 149 1399 215">
    <p class='ocr_par' dir='ltr' id='par_1_1' title="bbox 357 149 1399 215">
     <span class='ocr_line' id='line_1_1' title="bbox 357 149 1399 215; baseline 0.006 -17"><span class='ocrx_word' id='word_1_1' title='bbox 357 149 448 199; x_wconf 81' lang='lat'><strong>208</strong></span> <span class='ocrx_word' id='word_1_2' title='bbox 617 152 997 215; x_wconf 68' lang='lat' dir='ltr'>LANNAEI</span> <span class='ocrx_word' id='word_1_3' title='bbox 1047 153 1399 204; x_wconf 73' lang='lat' dir='ltr'><strong>SENECAE</strong></span> 
     </span>
    </p>
   </div>
   <div class='ocr_carea' id='block_1_2' title="bbox 314 259 1651 2518">
    <p class='ocr_par' dir='ltr' id='par_1_2' title="bbox 353 259 1641 1126">
     <span class='ocr_line' id='line_1_2' title="bbox 354 259 1636 324; baseline 0.003 -15"><span class='ocrx_word' id='word_1_4' title='bbox 354 260 518 309; x_wconf 89' lang='lat' dir='ltr'><strong>diutius</strong></span> <span class='ocrx_word' id='word_1_5' title='bbox 539 259 599 307; x_wconf 90' lang='lat' dir='ltr'><strong>illi</strong></span> <span class='ocrx_word' id='word_1_6' title='bbox 630 260 909 324; x_wconf 80' lang='lat' dir='ltr'><strong>expedierit?</strong></span> <span class='ocrx_word' id='word_1_7' title='bbox 937 277 989 307; x_wconf 88' lang='lat' dir='ltr'><strong>an</strong></span> <span class='ocrx_word' id='word_1_8' title='bbox 1016 261 1077 308; x_wconf 89' lang='lat' dir='ltr'><strong>illi</strong></span> <span class='ocrx_word' id='word_1_9' title='bbox 1113 263 1195 309; x_wconf 80' lang='lat' dir='ltr'><strong>hac</strong></span> <span class='ocrx_word' id='word_1_10' title='bbox 1222 275 1364 310; x_wconf 84' lang='lat' dir='ltr'><strong>morte</strong></span> <span class='ocrx_word' id='word_1_11' title='bbox 1390 264 1636 312; x_wconf 75' lang='lat' dir='ltr'><strong>consultum</strong></span> 
     </span>
     <span class='ocr_line' id='line_1_3' title="bbox 353 335 1638 400; baseline 0.004 -18"><span class='ocrx_word' id='word_1_12' title='bbox 353 336 434 382; x_wconf 81' lang='lat' dir='ltr'><strong>sit?</strong></span> <span class='ocrx_word' id='word_1_13' title='bbox 457 336 608 395; x_wconf 82' lang='lat' dir='ltr'><strong>Quem</strong></span> <span class='ocrx_word' id='word_1_14' title='bbox 629 335 831 383; x_wconf 83' lang='lat' dir='ltr'><strong>invenire</strong></span> <span class='ocrx_word' id='word_1_15' title='bbox 850 336 985 383; x_wconf 85' lang='lat' dir='ltr'><strong>hodie</strong></span> <span class='ocrx_word' id='word_1_16' title='bbox 1007 351 1135 400; x_wconf 83' lang='lat' dir='ltr'><strong>potes</strong></span> <span class='ocrx_word' id='word_1_17' title='bbox 1150 374 1163 395; x_wconf 85' lang='lat'>‚</span> <span class='ocrx_word' id='word_1_18' title='bbox 1185 337 1306 384; x_wconf 86' lang='lat' dir='ltr'><strong>cuius</strong></span> <span class='ocrx_word' id='word_1_19' title='bbox 1325 355 1390 384; x_wconf 89' lang='lat' dir='ltr'><strong>res</strong></span> <span class='ocrx_word' id='word_1_20' title='bbox 1418 351 1507 385; x_wconf 87' lang='lat' dir='ltr'><strong>tam</strong></span> <span class='ocrx_word' id='word_1_21' title='bbox 1527 341 1638 387; x_wconf 87' lang='lat' dir='ltr'><strong>bene</strong></span> 
     </span>
     <span class='ocr_line' id='line_1_4' title="bbox 354 406 1639 471; baseline 0.002 -17"><span class='ocrx_word' id='word_1_22' title='bbox 354 407 518 471; x_wconf 80' lang='lat' dir='ltr'><strong>positae</strong></span> <span class='ocrx_word' id='word_1_23' title='bbox 533 408 628 453; x_wconf 88' lang='lat' dir='ltr'><strong>sunt</strong></span> <span class='ocrx_word' id='word_1_24' title='bbox 646 423 689 454; x_wconf 90' lang='lat' dir='ltr'><strong>et</strong></span> <span class='ocrx_word' id='word_1_25' title='bbox 709 406 911 455; x_wconf 78' lang='lat' dir='ltr'>fundatae</span> <span class='ocrx_word' id='word_1_26' title='bbox 925 445 937 466; x_wconf 88' lang='lat'><strong>‚</strong></span> <span class='ocrx_word' id='word_1_27' title='bbox 956 423 1005 455; x_wconf 86' lang='lat' dir='ltr'><strong>ut</strong></span> <span class='ocrx_word' id='word_1_28' title='bbox 1025 410 1128 455; x_wconf 81' lang='lat' dir='ltr'><strong>nihil</strong></span> <span class='ocrx_word' id='word_1_29' title='bbox 1146 409 1204 455; x_wconf 75' lang='lat' dir='ltr'><strong>illi</strong></span> <span class='ocrx_word' id='word_1_30' title='bbox 1220 445 1232 467; x_wconf 76' lang='lat'><em>‚</em></span> <span class='ocrx_word' id='word_1_31' title='bbox 1252 409 1507 471; x_wconf 81' lang='lat' dir='ltr'><strong>procedenti</strong></span> <span class='ocrx_word' id='word_1_32' title='bbox 1525 423 1639 456; x_wconf 87' lang='lat' dir='ltr'><strong>tem-</strong></span> 
     </span>
     <span class='ocr_line' id='line_1_5' title="bbox 353 479 1638 543; baseline 0.002 -17"><span class='ocrx_word' id='word_1_33' title='bbox 353 495 465 543; x_wconf 85' lang='lat' dir='ltr'><strong>pore</strong></span> <span class='ocrx_word' id='word_1_34' title='bbox 480 515 494 538; x_wconf 91' lang='lat'>‚</span> <span class='ocrx_word' id='word_1_35' title='bbox 514 479 760 525; x_wconf 86' lang='lat' dir='ltr'><strong>timendum</strong></span> <span class='ocrx_word' id='word_1_36' title='bbox 781 479 864 526; x_wconf 83' lang='lat' dir='ltr'><strong>fit?</strong></span> <span class='ocrx_word' id='word_1_37' title='bbox 897 481 1122 526; x_wconf 84' lang='lat' dir='ltr'><strong>Labuntur</strong></span> <span class='ocrx_word' id='word_1_38' title='bbox 1151 481 1363 539; x_wconf 77' lang='lat' dir='ltr'><strong>humana,</strong></span> <span class='ocrx_word' id='word_1_39' title='bbox 1389 498 1438 527; x_wconf 90' lang='lat' dir='ltr'><strong>ac</strong></span> <span class='ocrx_word' id='word_1_40' title='bbox 1463 480 1604 528; x_wconf 85' lang='lat' dir='ltr'><strong>fluunt</strong></span> <span class='ocrx_word' id='word_1_41' title='bbox 1625 499 1638 530; x_wconf 91' lang='lat'>:</span> 
     </span>
     <span class='ocr_line' id='line_1_6' title="bbox 354 552 1639 617; baseline 0.002 -18"><span class='ocrx_word' id='word_1_42' title='bbox 354 570 500 617; x_wconf 89' lang='lat' dir='ltr'><strong>neque</strong></span> <span class='ocrx_word' id='word_1_43' title='bbox 519 570 616 616; x_wconf 91' lang='lat' dir='ltr'><strong>pars</strong></span> <span class='ocrx_word' id='word_1_44' title='bbox 635 553 753 601; x_wconf 87' lang='lat' dir='ltr'><strong>vitae</strong></span> <span class='ocrx_word' id='word_1_45' title='bbox 773 552 945 600; x_wconf 82' lang='lat' dir='ltr'><strong>nostrae</strong></span> <span class='ocrx_word' id='word_1_46' title='bbox 971 566 1057 600; x_wconf 79' lang='lat' dir='ltr'><strong>tam</strong></span> <span class='ocrx_word' id='word_1_47' title='bbox 1079 554 1273 600; x_wconf 73' lang='lat' dir='ltr'><strong>obnoxia</strong></span> <span class='ocrx_word' id='word_1_48' title='bbox 1290 568 1362 601; x_wconf 89' lang='lat' dir='ltr'><strong>aut</strong></span> <span class='ocrx_word' id='word_1_49' title='bbox 1380 568 1530 601; x_wconf 87' lang='lat' dir='ltr'><strong>tenera</strong></span> <span class='ocrx_word' id='word_1_50' title='bbox 1549 555 1639 614; x_wconf 88' lang='lat' dir='ltr'><strong>est,</strong></span> 
     </span>
     <span class='ocr_line' id='line_1_7' title="bbox 353 625 1639 691; baseline 0.002 -19"><span class='ocrx_word' id='word_1_51' title='bbox 353 642 486 690; x_wconf 89' lang='lat' dir='ltr'><strong>quam</strong></span> <span class='ocrx_word' id='word_1_52' title='bbox 518 642 630 689; x_wconf 86' lang='lat' dir='ltr'><strong>quae</strong></span> <span class='ocrx_word' id='word_1_53' title='bbox 663 625 855 671; x_wconf 79' lang='lat' dir='ltr'>maxime</span> <span class='ocrx_word' id='word_1_54' title='bbox 877 626 1029 687; x_wconf 82' lang='lat' dir='ltr'><strong>placet.</strong></span> <span class='ocrx_word' id='word_1_55' title='bbox 1058 627 1252 690; x_wconf 79' lang='lat' dir='ltr'><strong>Ideoque</strong></span> <span class='ocrx_word' id='word_1_56' title='bbox 1274 625 1527 675; x_wconf 62' lang='lat' dir='ltr'><strong>felicissimis</strong></span> <span class='ocrx_word' id='word_1_57' title='bbox 1554 645 1639 691; x_wconf 88' lang='lat' dir='ltr'><strong>op-</strong></span> 
     </span>
     <span class='ocr_line' id='line_1_8' title="bbox 354 696 1640 763; baseline 0 -16"><span class='ocrx_word' id='word_1_58' title='bbox 354 699 486 747; x_wconf 84' lang='lat' dir='ltr'><strong>tanda</strong></span> <span class='ocrx_word' id='word_1_59' title='bbox 509 714 631 744; x_wconf 88' lang='lat' dir='ltr'><strong>mors</strong></span> <span class='ocrx_word' id='word_1_60' title='bbox 650 696 738 743; x_wconf 87' lang='lat' dir='ltr'><strong>est:</strong></span> <span class='ocrx_word' id='word_1_61' title='bbox 767 697 868 760; x_wconf 83' lang='lat' dir='ltr'><strong>quia</strong></span> <span class='ocrx_word' id='word_1_62' title='bbox 899 698 945 744; x_wconf 88' lang='lat' dir='ltr'><strong>in</strong></span> <span class='ocrx_word' id='word_1_63' title='bbox 975 710 1094 745; x_wconf 77' lang='lat' dir='ltr'><strong>tanta</strong></span> <span class='ocrx_word' id='word_1_64' title='bbox 1118 698 1403 745; x_wconf 82' lang='lat' dir='ltr'><strong>inconstantia</strong></span> <span class='ocrx_word' id='word_1_65' title='bbox 1427 700 1640 763; x_wconf 85' lang='lat' dir='ltr'><strong>turbaque</strong></span> 
     </span>
     <span class='ocr_line' id='line_1_9' title="bbox 357 770 1640 834; baseline 0.002 -16"><span class='ocrx_word' id='word_1_66' title='bbox 357 788 505 819; x_wconf 87' lang='lat' dir='ltr'><strong>rerum</strong></span> <span class='ocrx_word' id='word_1_67' title='bbox 521 807 535 829; x_wconf 85' lang='lat'>‚</span> <span class='ocrx_word' id='word_1_68' title='bbox 562 770 666 816; x_wconf 83' lang='lat' dir='ltr'>nihil</span> <span class='ocrx_word' id='word_1_69' title='bbox 694 770 773 816; x_wconf 73' lang='lat' dir='ltr'><strong>nisi</strong></span> <span class='ocrx_word' id='word_1_70' title='bbox 799 771 923 833; x_wconf 83' lang='lat' dir='ltr'><strong>quod</strong></span> <span class='ocrx_word' id='word_1_71' title='bbox 943 771 1198 833; x_wconf 77' lang='lat' dir='ltr'><strong>praeteriit,</strong></span> <span class='ocrx_word' id='word_1_72' title='bbox 1224 789 1389 819; x_wconf 88' lang='lat' dir='ltr'><strong>certum</strong></span> <span class='ocrx_word' id='word_1_73' title='bbox 1417 773 1492 820; x_wconf 87' lang='lat' dir='ltr'><strong>est.</strong></span> <span class='ocrx_word' id='word_1_74' title='bbox 1523 774 1640 834; x_wconf 85' lang='lat' dir='ltr'><strong>Quis</strong></span> 
     </span>
     <span class='ocr_line' id='line_1_10' title="bbox 357 843 1641 908; baseline 0.002 -17"><span class='ocrx_word' id='word_1_75' title='bbox 357 843 439 891; x_wconf 81' lang='lat' dir='ltr'><strong>tibi</strong></span> <span class='ocrx_word' id='word_1_76' title='bbox 467 843 660 906; x_wconf 86' lang='lat' dir='ltr'><strong>recepit,</strong></span> <span class='ocrx_word' id='word_1_77' title='bbox 689 843 795 889; x_wconf 86' lang='lat' dir='ltr'><strong>illud</strong></span> <span class='ocrx_word' id='word_1_78' title='bbox 824 843 1167 905; x_wconf 80' lang='lat' dir='ltr'><strong>pulcherrimum</strong></span> <span class='ocrx_word' id='word_1_79' title='bbox 1195 843 1273 890; x_wconf 78' lang='lat' dir='ltr'><strong>filii</strong></span> <span class='ocrx_word' id='word_1_80' title='bbox 1297 844 1360 890; x_wconf 90' lang='lat' dir='ltr'><strong>tui</strong></span> <span class='ocrx_word' id='word_1_81' title='bbox 1383 861 1568 908; x_wconf 87' lang='lat' dir='ltr'><strong>corpus,</strong></span> <span class='ocrx_word' id='word_1_82' title='bbox 1597 859 1641 894; x_wconf 89' lang='lat' dir='ltr'><strong>et</strong></span> 
     </span>
     <span class='ocr_line' id='line_1_11' title="bbox 355 916 1641 981; baseline 0.002 -17"><span class='ocrx_word' id='word_1_83' title='bbox 355 917 524 964; x_wconf 88' lang='lat' dir='ltr'><strong>summa</strong></span> <span class='ocrx_word' id='word_1_84' title='bbox 541 916 725 981; x_wconf 87' lang='lat' dir='ltr'><strong>pudoris</strong></span> <span class='ocrx_word' id='word_1_85' title='bbox 743 917 936 964; x_wconf 90' lang='lat' dir='ltr'><strong>custodia</strong></span> <span class='ocrx_word' id='word_1_86' title='bbox 951 916 1063 962; x_wconf 90' lang='lat' dir='ltr'><strong>inter</strong></span> <span class='ocrx_word' id='word_1_87' title='bbox 1082 916 1329 964; x_wconf 75' lang='lat' dir='ltr'>luxuriosae</span> <span class='ocrx_word' id='word_1_88' title='bbox 1346 918 1467 964; x_wconf 86' lang='lat' dir='ltr'><strong>urbis</strong></span> <span class='ocrx_word' id='word_1_89' title='bbox 1483 920 1641 968; x_wconf 88' lang='lat' dir='ltr'><strong>oculos</strong></span> 
     </span>
     <span class='ocr_line' id='line_1_12' title="bbox 358 986 1640 1052; baseline 0.001 -13"><span class='ocrx_word' id='word_1_90' title='bbox 358 991 666 1040; x_wconf 87' lang='lat' dir='ltr'><strong>conservatum</strong></span> <span class='ocrx_word' id='word_1_91' title='bbox 686 1026 700 1047; x_wconf 88' lang='lat'><strong>,</strong></span> <span class='ocrx_word' id='word_1_92' title='bbox 720 989 909 1052; x_wconf 74' lang='lat' dir='ltr'><strong>potuisse</strong></span> <span class='ocrx_word' id='word_1_93' title='bbox 927 990 983 1035; x_wconf 80' lang='lat' dir='ltr'><strong>ita</strong></span> <span class='ocrx_word' id='word_1_94' title='bbox 1002 986 1186 1036; x_wconf 85' lang='lat' dir='ltr'>morbos</span> <span class='ocrx_word' id='word_1_95' title='bbox 1205 991 1415 1047; x_wconf 83' lang='lat' dir='ltr'><strong>evadere,</strong></span> <span class='ocrx_word' id='word_1_96' title='bbox 1438 1002 1486 1037; x_wconf 87' lang='lat' dir='ltr'><strong>ut</strong></span> <span class='ocrx_word' id='word_1_97' title='bbox 1502 992 1557 1038; x_wconf 89' lang='lat' dir='ltr'><strong>ad</strong></span> <span class='ocrx_word' id='word_1_98' title='bbox 1573 993 1640 1040; x_wconf 90' lang='lat' dir='ltr'><strong>se-</strong></span> 
     </span>
     <span class='ocr_line' id='line_1_13' title="bbox 359 1064 1414 1126; baseline -0.003 -13"><span class='ocrx_word' id='word_1_99' title='bbox 359 1067 579 1113; x_wconf 61' lang='lat' dir='ltr'><strong>neclutem</strong></span> <span class='ocrx_word' id='word_1_100' title='bbox 605 1064 776 1112; x_wconf 83' lang='lat' dir='ltr'><strong>formae</strong></span> <span class='ocrx_word' id='word_1_101' title='bbox 799 1064 990 1111; x_wconf 87' lang='lat' dir='ltr'><strong>illaesum</strong></span> <span class='ocrx_word' id='word_1_102' title='bbox 1017 1064 1228 1126; x_wconf 86' lang='lat' dir='ltr'><strong>perferret</strong></span> <span class='ocrx_word' id='word_1_103' title='bbox 1251 1064 1414 1111; x_wconf 82' lang='lat' dir='ltr'><strong>decus?</strong></span> 
     </span>
    </p>

    <p class='ocr_par' dir='ltr' id='par_1_3' title="bbox 314 1138 1651 2518">
     <span class='ocr_line' id='line_1_14' title="bbox 423 1138 1642 1202; baseline -0.001 -15"><span class='ocrx_word' id='word_1_104' title='bbox 423 1141 570 1187; x_wconf 87' lang='lat' dir='ltr'>XXII.</span> <span class='ocrx_word' id='word_1_105' title='bbox 597 1140 758 1202; x_wconf 88' lang='lat' dir='ltr'><strong>Cogita</strong></span> <span class='ocrx_word' id='word_1_106' title='bbox 775 1139 910 1184; x_wconf 88' lang='lat' dir='ltr'><strong>animi</strong></span> <span class='ocrx_word' id='word_1_107' title='bbox 932 1138 1049 1184; x_wconf 83' lang='lat' dir='ltr'><strong>mille</strong></span> <span class='ocrx_word' id='word_1_108' title='bbox 1068 1138 1198 1184; x_wconf 84' lang='lat' dir='ltr'><strong>labes.</strong></span> <span class='ocrx_word' id='word_1_109' title='bbox 1227 1155 1368 1202; x_wconf 85' lang='lat' dir='ltr'><strong>neque</strong></span> <span class='ocrx_word' id='word_1_110' title='bbox 1391 1138 1506 1184; x_wconf 87' lang='lat' dir='ltr'><strong>enim</strong></span> <span class='ocrx_word' id='word_1_111' title='bbox 1527 1140 1642 1186; x_wconf 61' lang='lat' dir='ltr'><strong>recia</strong></span> 
     </span>
     <span class='ocr_line' id='line_1_15' title="bbox 356 1209 1640 1277; baseline -0.002 -18"><span class='ocrx_word' id='word_1_112' title='bbox 356 1211 530 1276; x_wconf 84' lang='lat' dir='ltr'><strong>ingenia</strong></span> <span class='ocrx_word' id='word_1_113' title='bbox 550 1248 565 1271; x_wconf 86' lang='lat'><strong>‚</strong></span> <span class='ocrx_word' id='word_1_114' title='bbox 586 1213 763 1277; x_wconf 86' lang='lat' dir='ltr'><strong>qualem</strong></span> <span class='ocrx_word' id='word_1_115' title='bbox 795 1211 840 1257; x_wconf 93' lang='lat' dir='ltr'><strong>in</strong></span> <span class='ocrx_word' id='word_1_116' title='bbox 868 1210 1160 1257; x_wconf 83' lang='lat' dir='ltr'><strong>adolescentia</strong></span> <span class='ocrx_word' id='word_1_117' title='bbox 1184 1211 1300 1272; x_wconf 87' lang='lat' dir='ltr'><strong>spem</strong></span> <span class='ocrx_word' id='word_1_118' title='bbox 1331 1210 1392 1256; x_wconf 89' lang='lat' dir='ltr'><strong>sui</strong></span> <span class='ocrx_word' id='word_1_119' title='bbox 1419 1209 1640 1268; x_wconf 85' lang='lat' dir='ltr'><strong>fecerant,</strong></span> 
     </span>
     <span class='ocr_line' id='line_1_16' title="bbox 356 1282 1641 1349; baseline -0.002 -17"><span class='ocrx_word' id='word_1_120' title='bbox 356 1288 492 1349; x_wconf 85' lang='lat' dir='ltr'><strong>usque</strong></span> <span class='ocrx_word' id='word_1_121' title='bbox 521 1284 566 1331; x_wconf 90' lang='lat' dir='ltr'><strong>in</strong></span> <span class='ocrx_word' id='word_1_122' title='bbox 587 1285 851 1332; x_wconf 62' lang='lat' dir='ltr'><strong>seneclutem</strong></span> <span class='ocrx_word' id='word_1_123' title='bbox 876 1283 1147 1346; x_wconf 78' lang='lat' dir='ltr'><strong>pertulerunt</strong></span> <span class='ocrx_word' id='word_1_124' title='bbox 1170 1301 1180 1328; x_wconf 90' lang='lat'>:</span> <span class='ocrx_word' id='word_1_125' title='bbox 1202 1283 1275 1330; x_wconf 89' lang='lat' dir='ltr'><strong>sed</strong></span> <span class='ocrx_word' id='word_1_126' title='bbox 1293 1282 1526 1329; x_wconf 84' lang='lat' dir='ltr'><strong>interversa</strong></span> <span class='ocrx_word' id='word_1_127' title='bbox 1546 1283 1641 1345; x_wconf 91' lang='lat' dir='ltr'><strong>ple-</strong></span> 
     </span>
     <span class='ocr_line' id='line_1_17' title="bbox 356 1355 1642 1421; baseline -0.002 -17"><span class='ocrx_word' id='word_1_128' title='bbox 356 1374 545 1421; x_wconf 87' lang='lat' dir='ltr'><strong>rumque</strong></span> <span class='ocrx_word' id='word_1_129' title='bbox 568 1358 678 1404; x_wconf 84' lang='lat' dir='ltr'><strong>sunt.</strong></span> <span class='ocrx_word' id='word_1_130' title='bbox 702 1361 787 1404; x_wconf 73' lang='lat' dir='ltr'><strong>Aut</strong></span> <span class='ocrx_word' id='word_1_131' title='bbox 812 1357 923 1414; x_wconf 88' lang='lat' dir='ltr'><strong>sera,</strong></span> <span class='ocrx_word' id='word_1_132' title='bbox 948 1373 1092 1419; x_wconf 83' lang='lat' dir='ltr'><strong>eoque</strong></span> <span class='ocrx_word' id='word_1_133' title='bbox 1119 1355 1295 1402; x_wconf 84' lang='lat' dir='ltr'><strong>foedior</strong></span> <span class='ocrx_word' id='word_1_134' title='bbox 1319 1356 1488 1403; x_wconf 87' lang='lat' dir='ltr'><strong>luxuria</strong></span> <span class='ocrx_word' id='word_1_135' title='bbox 1516 1355 1642 1402; x_wconf 85' lang='lat' dir='ltr'><strong>inva-</strong></span> 
     </span>
     <span class='ocr_line' id='line_1_18' title="bbox 355 1429 1642 1495; baseline 0 -17"><span class='ocrx_word' id='word_1_136' title='bbox 355 1431 430 1488; x_wconf 86' lang='lat' dir='ltr'><strong>fit,</strong></span> <span class='ocrx_word' id='word_1_137' title='bbox 461 1444 504 1478; x_wconf 87' lang='lat' dir='ltr'><strong>et</strong></span> <span class='ocrx_word' id='word_1_138' title='bbox 530 1431 683 1495; x_wconf 71' lang='lat' dir='ltr'><strong>coegit</strong></span> <span class='ocrx_word' id='word_1_139' title='bbox 702 1429 987 1477; x_wconf 87' lang='lat' dir='ltr'><strong>dehonestare</strong></span> <span class='ocrx_word' id='word_1_140' title='bbox 1014 1431 1206 1494; x_wconf 83' lang='lat' dir='ltr'><strong>speciosa</strong></span> <span class='ocrx_word' id='word_1_141' title='bbox 1226 1431 1442 1494; x_wconf 86' lang='lat' dir='ltr'><strong>principia</strong></span> <span class='ocrx_word' id='word_1_142' title='bbox 1464 1450 1475 1477; x_wconf 78' lang='lat' dir='ltr'><strong><em>z</em></strong></span> <span class='ocrx_word' id='word_1_143' title='bbox 1505 1447 1578 1478; x_wconf 89' lang='lat' dir='ltr'><strong>aut</strong></span> <span class='ocrx_word' id='word_1_144' title='bbox 1594 1431 1642 1477; x_wconf 87' lang='lat' dir='ltr'><strong>in</strong></span> 
     </span>
     <span class='ocr_line' id='line_1_19' title="bbox 355 1503 1641 1568; baseline -0.001 -17"><span class='ocrx_word' id='word_1_145' title='bbox 355 1505 569 1568; x_wconf 86' lang='lat' dir='ltr'>popinam</span> <span class='ocrx_word' id='word_1_146' title='bbox 595 1517 885 1567; x_wconf 80' lang='lat' dir='ltr'><strong>ventremque</strong></span> <span class='ocrx_word' id='word_1_147' title='bbox 918 1504 1182 1566; x_wconf 69' lang='lat' dir='ltr'><strong>praecoquis</strong></span> <span class='ocrx_word' id='word_1_148' title='bbox 1210 1504 1375 1549; x_wconf 82' lang='lat' dir='ltr'><strong>summa</strong></span> <span class='ocrx_word' id='word_1_149' title='bbox 1402 1503 1482 1550; x_wconf 85' lang='lat' dir='ltr'><strong>illis</strong></span> <span class='ocrx_word' id='word_1_150' title='bbox 1510 1519 1641 1550; x_wconf 82' lang='lat' dir='ltr'><strong>cura-</strong></span> 
     </span>
     <span class='ocr_line' id='line_1_20' title="bbox 355 1577 1643 1642; baseline -0.002 -17"><span class='ocrx_word' id='word_1_151' title='bbox 355 1596 455 1625; x_wconf 86' lang='lat' dir='ltr'><strong>rum</strong></span> <span class='ocrx_word' id='word_1_152' title='bbox 482 1578 592 1637; x_wconf 84' lang='lat' dir='ltr'><strong>fuit,</strong></span> <span class='ocrx_word' id='word_1_153' title='bbox 611 1578 718 1642; x_wconf 84' lang='lat' dir='ltr'><strong>quid</strong></span> <span class='ocrx_word' id='word_1_154' title='bbox 743 1577 906 1634; x_wconf 73' lang='lat' dir='ltr'><strong>essent,</strong></span> <span class='ocrx_word' id='word_1_155' title='bbox 935 1577 1041 1640; x_wconf 81' lang='lat' dir='ltr'><strong>quid</strong></span> <span class='ocrx_word' id='word_1_156' title='bbox 1071 1577 1283 1624; x_wconf 84' lang='lat' dir='ltr'><strong>biberent.</strong></span> <span class='ocrx_word' id='word_1_157' title='bbox 1313 1577 1468 1624; x_wconf 87' lang='lat' dir='ltr'><strong>Adiice</strong></span> <span class='ocrx_word' id='word_1_158' title='bbox 1490 1577 1643 1624; x_wconf 85' lang='lat' dir='ltr'><strong>incen-</strong></span> 
     </span>
     <span class='ocr_line' id='line_1_21' title="bbox 314 1649 1642 1714; baseline -0.001 -16"><span class='ocrx_word' id='word_1_159' title='bbox 314 1687 316 1690; x_wconf 85' lang='lat'>-</span> <span class='ocrx_word' id='word_1_160' title='bbox 357 1653 430 1698; x_wconf 81' lang='lat' dir='ltr'><strong>dia</strong></span> <span class='ocrx_word' id='word_1_161' title='bbox 446 1685 461 1708; x_wconf 93' lang='lat'>‚</span> <span class='ocrx_word' id='word_1_162' title='bbox 484 1649 654 1710; x_wconf 45' lang='lat' dir='ltr'><strong>ruinas*⁹</strong></span> <span class='ocrx_word' id='word_1_163' title='bbox 677 1650 928 1714; x_wconf 83' lang='lat' dir='ltr'><strong>naufragia,</strong></span> <span class='ocrx_word' id='word_1_164' title='bbox 948 1651 1234 1698; x_wconf 79' lang='lat' dir='ltr'><strong>lacerationes</strong></span> <span class='ocrx_word' id='word_1_165' title='bbox 1257 1651 1533 1698; x_wconf 88' lang='lat' dir='ltr'><strong>medicorum</strong></span> <span class='ocrx_word' id='word_1_166' title='bbox 1549 1649 1642 1697; x_wconf 83' lang='lat' dir='ltr'><strong>offa</strong></span> 
     </span>
     <span class='ocr_line' id='line_1_22' title="bbox 356 1723 1642 1789; baseline -0.001 -16"><span class='ocrx_word' id='word_1_167' title='bbox 356 1726 479 1773; x_wconf 88' lang='lat' dir='ltr'><strong>vivis</strong></span> <span class='ocrx_word' id='word_1_168' title='bbox 502 1725 738 1789; x_wconf 90' lang='lat' dir='ltr'><strong>legentium</strong></span> <span class='ocrx_word' id='word_1_169' title='bbox 754 1760 768 1782; x_wconf 94' lang='lat'>‚</span> <span class='ocrx_word' id='word_1_170' title='bbox 796 1737 839 1771; x_wconf 90' lang='lat' dir='ltr'><strong>et</strong></span> <span class='ocrx_word' id='word_1_171' title='bbox 858 1737 970 1772; x_wconf 85' lang='lat' dir='ltr'><strong>totas</strong></span> <span class='ocrx_word' id='word_1_172' title='bbox 988 1723 1032 1771; x_wconf 88' lang='lat' dir='ltr'><strong>in</strong></span> <span class='ocrx_word' id='word_1_173' title='bbox 1053 1725 1216 1772; x_wconf 84' lang='lat' dir='ltr'><strong>viscera</strong></span> <span class='ocrx_word' id='word_1_174' title='bbox 1240 1742 1392 1772; x_wconf 87' lang='lat' dir='ltr'><strong>manus</strong></span> <span class='ocrx_word' id='word_1_175' title='bbox 1409 1725 1642 1772; x_wconf 90' lang='lat' dir='ltr'><strong>demitten-</strong></span> 
     </span>
     <span class='ocr_line' id='line_1_23' title="bbox 356 1797 1642 1861; baseline 0.001 -17"><span class='ocrx_word' id='word_1_176' title='bbox 356 1797 468 1844; x_wconf 87' lang='lat' dir='ltr'><strong>tium</strong></span> <span class='ocrx_word' id='word_1_177' title='bbox 491 1834 506 1856; x_wconf 90' lang='lat'>‚</span> <span class='ocrx_word' id='word_1_178' title='bbox 540 1810 584 1845; x_wconf 90' lang='lat' dir='ltr'><strong>et</strong></span> <span class='ocrx_word' id='word_1_179' title='bbox 612 1814 704 1843; x_wconf 88' lang='lat' dir='ltr'><strong>non</strong></span> <span class='ocrx_word' id='word_1_180' title='bbox 740 1798 924 1861; x_wconf 83' lang='lat' dir='ltr'><strong>simplici</strong></span> <span class='ocrx_word' id='word_1_181' title='bbox 955 1798 1112 1845; x_wconf 83' lang='lat' dir='ltr'><strong>dolore</strong></span> <span class='ocrx_word' id='word_1_182' title='bbox 1148 1798 1348 1861; x_wconf 83' lang='lat' dir='ltr'><strong>pudenda</strong></span> <span class='ocrx_word' id='word_1_183' title='bbox 1379 1799 1642 1846; x_wconf 80' lang='lat' dir='ltr'><strong>curantium.</strong></span> 
     </span>
     <span class='ocr_line' id='line_1_24' title="bbox 358 1869 1651 1928; baseline 0.002 -12"><span class='ocrx_word' id='word_1_184' title='bbox 358 1870 461 1917; x_wconf 91' lang='lat' dir='ltr'><strong>Post</strong></span> <span class='ocrx_word' id='word_1_185' title='bbox 480 1872 587 1919; x_wconf 86' lang='lat' dir='ltr'><strong>haec</strong></span> <span class='ocrx_word' id='word_1_186' title='bbox 606 1871 816 1918; x_wconf 82' lang='lat' dir='ltr'><strong>exsilium.</strong></span> <span class='ocrx_word' id='word_1_187' title='bbox 845 1887 937 1917; x_wconf 89' lang='lat' dir='ltr'><strong>non</strong></span> <span class='ocrx_word' id='word_1_188' title='bbox 969 1869 1052 1917; x_wconf 85' lang='lat' dir='ltr'><strong>fuit</strong></span> <span class='ocrx_word' id='word_1_189' title='bbox 1077 1871 1361 1917; x_wconf 82' lang='lat' dir='ltr'><strong>innocentior</strong></span> <span class='ocrx_word' id='word_1_190' title='bbox 1386 1870 1498 1917; x_wconf 83' lang='lat' dir='ltr'><strong>filius</strong></span> <span class='ocrx_word' id='word_1_191' title='bbox 1517 1883 1614 1919; x_wconf 85' lang='lat' dir='ltr'><strong>tuus</strong></span> <span class='ocrx_word' id='word_1_192' title='bbox 1626 1882 1651 1928; x_wconf 81' lang='lat'><strong>‚&#39;·</strong></span> 
     </span>
     <span class='ocr_line' id='line_1_25' title="bbox 356 1943 1640 2007; baseline 0.001 -17"><span class='ocrx_word' id='word_1_193' title='bbox 356 1960 490 2007; x_wconf 84' lang='lat' dir='ltr'><strong>quam</strong></span> <span class='ocrx_word' id='word_1_194' title='bbox 512 1944 714 1992; x_wconf 87' lang='lat' dir='ltr'><strong>Rutilius.</strong></span> <span class='ocrx_word' id='word_1_195' title='bbox 734 1948 982 1992; x_wconf 76' lang='lat' dir='ltr'><strong>Cat-cerem.</strong></span> <span class='ocrx_word' id='word_1_196' title='bbox 1003 1961 1092 1991; x_wconf 85' lang='lat' dir='ltr'><strong>non</strong></span> <span class='ocrx_word' id='word_1_197' title='bbox 1111 1943 1196 1990; x_wconf 73' lang='lat' dir='ltr'><strong>fuit</strong></span> <span class='ocrx_word' id='word_1_198' title='bbox 1217 1943 1453 2007; x_wconf 76' lang='lat' dir='ltr'><strong>sapientior</strong></span> <span class='ocrx_word' id='word_1_199' title='bbox 1468 1979 1482 2001; x_wconf 87' lang='lat'>,</span> <span class='ocrx_word' id='word_1_200' title='bbox 1509 1961 1640 2007; x_wconf 83' lang='lat' dir='ltr'><strong>quam</strong></span> 
     </span>
     <span class='ocr_line' id='line_1_26' title="bbox 356 2015 1643 2078; baseline 0 -17"><span class='ocrx_word' id='word_1_201' title='bbox 356 2016 570 2063; x_wconf 83' lang='lat' dir='ltr'><strong>Socrates.</strong></span> <span class='ocrx_word' id='word_1_202' title='bbox 597 2017 862 2063; x_wconf 83' lang='lat' dir='ltr'><strong>Voluntario</strong></span> <span class='ocrx_word' id='word_1_203' title='bbox 881 2017 1065 2065; x_wconf 79' lang='lat' dir='ltr'><strong>vulnere</strong></span> <span class='ocrx_word' id='word_1_204' title='bbox 1085 2015 1342 2063; x_wconf 79' lang='lat' dir='ltr'><strong>transfixum</strong></span> <span class='ocrx_word' id='word_1_205' title='bbox 1364 2016 1524 2078; x_wconf 62' lang='lat' dir='ltr'><strong>pectus.</strong></span> <span class='ocrx_word' id='word_1_206' title='bbox 1549 2031 1643 2061; x_wconf 88' lang='lat' dir='ltr'><strong>non</strong></span> 
     </span>
     <span class='ocr_line' id='line_1_27' title="bbox 355 2086 1643 2152; baseline 0.001 -18"><span class='ocrx_word' id='word_1_207' title='bbox 355 2086 441 2134; x_wconf 84' lang='lat' dir='ltr'><strong>fuit</strong></span> <span class='ocrx_word' id='word_1_208' title='bbox 458 2088 646 2136; x_wconf 72' lang='lat' dir='ltr'><strong>sanffior</strong></span> <span class='ocrx_word' id='word_1_209' title='bbox 661 2106 792 2152; x_wconf 85' lang='lat' dir='ltr'><strong>quam</strong></span> <span class='ocrx_word' id='word_1_210' title='bbox 819 2090 950 2137; x_wconf 83' lang='lat' dir='ltr'><strong>Cato.</strong></span> <span class='ocrx_word' id='word_1_211' title='bbox 969 2090 1085 2136; x_wconf 85' lang='lat' dir='ltr'><strong>Cum</strong></span> <span class='ocrx_word' id='word_1_212' title='bbox 1113 2087 1190 2134; x_wconf 87' lang='lat' dir='ltr'><strong>ista</strong></span> <span class='ocrx_word' id='word_1_213' title='bbox 1209 2088 1506 2151; x_wconf 75' lang='lat' dir='ltr'><strong>perspexeris,</strong></span> <span class='ocrx_word' id='word_1_214' title='bbox 1536 2087 1643 2135; x_wconf 84' lang='lat' dir='ltr'><strong>scies</strong></span> 
     </span>
     <span class='ocr_line' id='line_1_28' title="bbox 356 2161 1643 2227; baseline 0 -20"><span class='ocrx_word' id='word_1_215' title='bbox 356 2161 527 2224; x_wconf 90' lang='lat' dir='ltr'><strong>optime</strong></span> <span class='ocrx_word' id='word_1_216' title='bbox 553 2179 654 2210; x_wconf 89' lang='lat' dir='ltr'><strong>cum</strong></span> <span class='ocrx_word' id='word_1_217' title='bbox 673 2163 741 2209; x_wconf 88' lang='lat' dir='ltr'><strong>his</strong></span> <span class='ocrx_word' id='word_1_218' title='bbox 760 2162 856 2227; x_wconf 83' lang='lat' dir='ltr'><strong>agi,</strong></span> <span class='ocrx_word' id='word_1_219' title='bbox 875 2178 987 2226; x_wconf 82' lang='lat' dir='ltr'><strong>quos</strong></span> <span class='ocrx_word' id='word_1_220' title='bbox 1005 2178 1183 2220; x_wconf 38' lang='lat' dir='ltr'><strong>natura?</strong></span> <span class='ocrx_word' id='word_1_221' title='bbox 1204 2163 1307 2224; x_wconf 78' lang='lat' dir='ltr'><strong>quia</strong></span> <span class='ocrx_word' id='word_1_222' title='bbox 1323 2162 1420 2208; x_wconf 85' lang='lat' dir='ltr'><strong>illos</strong></span> <span class='ocrx_word' id='word_1_223' title='bbox 1439 2162 1525 2207; x_wconf 84' lang='lat' dir='ltr'><strong>hoc</strong></span> <span class='ocrx_word' id='word_1_224' title='bbox 1545 2177 1643 2207; x_wconf 89' lang='lat' dir='ltr'><strong>ma-</strong></span> 
     </span>
     <span class='ocr_line' id='line_1_29' title="bbox 358 2231 1644 2298; baseline 0 -19"><span class='ocrx_word' id='word_1_225' title='bbox 358 2233 490 2280; x_wconf 82' lang='lat' dir='ltr'><strong>nebat</strong></span> <span class='ocrx_word' id='word_1_226' title='bbox 508 2235 627 2281; x_wconf 83' lang='lat' dir='ltr'><strong>vitae</strong></span> <span class='ocrx_word' id='word_1_227' title='bbox 652 2234 914 2298; x_wconf 82' lang='lat' dir='ltr'><strong>stipendium</strong></span> <span class='ocrx_word' id='word_1_228' title='bbox 930 2269 945 2291; x_wconf 88' lang='lat'><strong>‚</strong></span> <span class='ocrx_word' id='word_1_229' title='bbox 973 2236 1063 2282; x_wconf 85' lang='lat' dir='ltr'><strong>cito</strong></span> <span class='ocrx_word' id='word_1_230' title='bbox 1084 2236 1129 2280; x_wconf 84' lang='lat' dir='ltr'><strong>in</strong></span> <span class='ocrx_word' id='word_1_231' title='bbox 1150 2247 1287 2281; x_wconf 79' lang='lat' dir='ltr'><strong>tutum</strong></span> <span class='ocrx_word' id='word_1_232' title='bbox 1310 2234 1489 2297; x_wconf 82' lang='lat' dir='ltr'><strong>recepit.</strong></span> <span class='ocrx_word' id='word_1_233' title='bbox 1521 2231 1644 2280; x_wconf 86' lang='lat' dir='ltr'><strong>Nihil</strong></span> 
     </span>
     <span class='ocr_line' id='line_1_30' title="bbox 355 2306 1644 2372; baseline 0 -19"><span class='ocrx_word' id='word_1_234' title='bbox 355 2307 417 2353; x_wconf 84' lang='lat' dir='ltr'><strong>est</strong></span> <span class='ocrx_word' id='word_1_235' title='bbox 437 2318 527 2353; x_wconf 91' lang='lat' dir='ltr'><strong>tam</strong></span> <span class='ocrx_word' id='word_1_236' title='bbox 550 2308 706 2363; x_wconf 70' lang='lat' dir='ltr'><strong>fallax,</strong></span> <span class='ocrx_word' id='word_1_237' title='bbox 729 2325 863 2372; x_wconf 78' lang='lat' dir='ltr'><strong>quam</strong></span> <span class='ocrx_word' id='word_1_238' title='bbox 882 2310 972 2356; x_wconf 76' lang='lat' dir='ltr'><strong>vita</strong></span> <span class='ocrx_word' id='word_1_239' title='bbox 993 2311 1182 2363; x_wconf 69' lang='lat' dir='ltr'><strong>humana</strong></span> <span class='ocrx_word' id='word_1_240' title='bbox 1201 2327 1211 2354; x_wconf 88' lang='lat'><strong>:</strong></span> <span class='ocrx_word' id='word_1_241' title='bbox 1232 2308 1338 2354; x_wconf 76' lang='lat' dir='ltr'><strong>nihil</strong></span> <span class='ocrx_word' id='word_1_242' title='bbox 1356 2321 1443 2354; x_wconf 79' lang='lat' dir='ltr'><strong>tam</strong></span> <span class='ocrx_word' id='word_1_243' title='bbox 1466 2306 1644 2353; x_wconf 78' lang='lat' dir='ltr'><strong>insidio-</strong></span> 
     </span>
     <span class='ocr_line' id='line_1_31' title="bbox 357 2378 1643 2444; baseline 0 -20"><span class='ocrx_word' id='word_1_244' title='bbox 357 2378 468 2425; x_wconf 87' lang='lat' dir='ltr'><strong>sum.</strong></span> <span class='ocrx_word' id='word_1_245' title='bbox 488 2396 578 2426; x_wconf 90' lang='lat' dir='ltr'><strong>non</strong></span> <span class='ocrx_word' id='word_1_246' title='bbox 596 2381 842 2428; x_wconf 87' lang='lat' dir='ltr'><strong>mehercule</strong></span> <span class='ocrx_word' id='word_1_247' title='bbox 864 2382 1091 2444; x_wconf 71' lang='lat' dir='ltr'><strong>quisquam</strong></span> <span class='ocrx_word' id='word_1_248' title='bbox 1107 2380 1359 2442; x_wconf 60' lang='lat' dir='ltr'><strong>accepisset,</strong></span> <span class='ocrx_word' id='word_1_249' title='bbox 1375 2380 1453 2425; x_wconf 78' lang='lat' dir='ltr'><strong>nisi</strong></span> <span class='ocrx_word' id='word_1_250' title='bbox 1471 2379 1643 2425; x_wconf 83' lang='lat' dir='ltr'><strong>daretur</strong></span> 
     </span>
     <span class='ocr_line' id='line_1_32' title="bbox 360 2449 1641 2518; baseline 0.001 -21"><span class='ocrx_word' id='word_1_251' title='bbox 360 2450 519 2500; x_wconf 84' lang='lat' dir='ltr'><strong>insciis.</strong></span> <span class='ocrx_word' id='word_1_252' title='bbox 547 2453 694 2518; x_wconf 88' lang='lat' dir='ltr'><strong>itaque</strong></span> <span class='ocrx_word' id='word_1_253' title='bbox 719 2453 749 2500; x_wconf 84' lang='lat' dir='ltr'><strong>fi</strong></span> <span class='ocrx_word' id='word_1_254' title='bbox 769 2449 1060 2503; x_wconf 63' lang='lat' dir='ltr'><strong>felicissimum</strong></span> <span class='ocrx_word' id='word_1_255' title='bbox 1084 2454 1172 2513; x_wconf 83' lang='lat' dir='ltr'><strong>est,</strong></span> <span class='ocrx_word' id='word_1_256' title='bbox 1202 2470 1292 2501; x_wconf 87' lang='lat' dir='ltr'><strong>non</strong></span> <span class='ocrx_word' id='word_1_257' title='bbox 1315 2452 1429 2511; x_wconf 72' lang='lat' dir='ltr'><strong>nasci</strong></span> <span class='ocrx_word' id='word_1_258' title='bbox 1449 2472 1459 2500; x_wconf 73' lang='grc' dir='ltr'><strong><em>ε</em></strong></span> <span class='ocrx_word' id='word_1_259' title='bbox 1483 2451 1641 2516; x_wconf 77' lang='lat' dir='ltr'><strong>proxi-</strong></span> 
     </span>
    </p>
   </div>
  </div>
 </body>
</html>
