1741 2919
317 148 465 211 xxxvj

564 143 928 195 NOTITIA
974 147 1430 194 LITERARIA
1489 197 1500 204 ,

537 267 600 306 23.
638 255 674 293 &
702 248 812 304 plura
836 253 884 291 de
915 251 1012 303 figlis
1035 252 1139 292 hisce
1160 254 1234 293 five
1260 254 1359 292 notis
1388 254 1602 303 tradentes,

518 308 705 358 *Lipfium
726 307 880 346 Centur.
914 320 944 345 1.
973 307 1021 346 ad
1043 307 1176 358 Belgas
1200 308 1311 359 Epist.
1342 322 1400 355 27.
1424 308 1493 348 Iul.
1513 310 1604 348 Cae-

534 362 657 401 sarem
682 360 951 411 Bulengerium
978 360 1042 400 lib.
1069 361 1132 401 IV.
1160 363 1207 401 de
1227 362 1394 412 Imperio
1421 363 1599 402 Romano

536 429 622 466 cap.
651 429 683 468 3.
707 417 742 454 &
774 428 805 468 5.
835 415 936 454 Sam.
973 414 1138 454 Petitum
1174 415 1239 455 lib.
1266 431 1299 455 2.
1326 415 1483 455 Observ.
1511 430 1596 468 cap.

538 485 573 509 1.
599 483 637 520 p.
667 471 813 521 159.*&
834 469 1097 508 Wowerium
1129 483 1213 520 cap.
1245 482 1276 523 5.
1306 469 1518 520 Polymath.
1546 472 1602 511 lu·

497 536 503 541 ²
532 523 681 563 lianum
705 522 903 563 Floridum
919 524 969 562 ad
984 523 1137 562 Ausonii
1153 524 1394 575 Epigramma
1425 525 1508 573 146.
1527 525 1599 563 five

475 615 482 618 ,
532 577 714 616 ultimum
737 589 774 627 p.
798 577 860 616 80.
887 577 1153 616 Hermann‘um
1178 579 1385 629 Hugonem
1409 579 1457 617 de
1476 579 1600 629 prima

532 631 725 670 scribendi
757 630 902 680 origine
936 643 1020 681 cap.
1064 646 1127 685 ¹9³
1154 632 1401 671 Lambecium
1426 633 1540 672 Tom.
1569 633 1598 673 I.

533 683 716 726 Biblioth.
748 684 916 724 Vindob.
945 699 1032 735 pag.
1060 686 1117 724 18.
1141 686 1368 725 Boeclerum
1404 687 1451 726 de
1486 687 1600 725 rebus

534 739 610 778 sec,
638 739 698 780 IX
721 740 756 778 &
786 739 837 778 X.
864 752 950 791 pag.
982 740 1066 791 346.
1095 740 1304 779 Bartholin.
1338 741 1385 779 de
1409 739 1513 779 libris
1541 740 1600 781 16-

534 793 682 845 gendis,
708 792 788 832 diff.
811 794 846 832 6.
869 792 994 838 Balth.
1018 793 1118 833 Frid,
1143 793 1431 834 Saltzmannum
1455 794 1534 834 diff.
1562 810 1595 834 2.

533 849 583 887 de
613 847 791 898 antiquae
813 846 1028 898 scriptionis
1054 847 1200 898 origine
1227 850 1300 888 Sco,
1324 848 1470 888 Ancilla
1492 857 1601 888 nota-

531 914 619 940 rum
641 902 761 952 perita
786 909 1019 940 memoratur
1045 903 1148 951 apud
1172 903 1417 942 Ammianum
1442 903 1571 943 XVIII
1587 934 1598 951 ,

533 969 570 1009 3.
584 955 720 995 Nostra
734 964 857 994 aetate
869 955 986 994 simile
997 955 1185 994 scribendi
1201 957 1477 1007 compendium
1495 958 1599 1006 apud

529 1009 674 1060 Anglos
690 1010 957 1060 excogitarunt
971 1009 1133 1048 Ioannes
1148 1009 1279 1048 Willis
1291 1041 1305 1059 ,Ι
1318 1011 1478 1050 Ioannes
1491 1011 1599 1050 Wil-

532 1063 630 1112 kius‚
646 1064 826 1104 Ieremias
849 1063 960 1102 Rich.
977 1065 1012 1102 ἃ
1025 1063 1197 1103 Thomas
1209 1063 1369 1103 Shelton
1379 1094 1391 1109 ,
1404 1066 1467 1114 qui
1481 1065 1597 1104 etiam

531 1131 666 1156 omnes
697 1118 798 1158 Novi
830 1117 1067 1156 instrumenti
1097 1117 1215 1156 libros
1240 1117 1478 1168 Psalmosque
1498 1118 1597 1169 siglis

530 1185 554 1211 a
583 1171 620 1210 se
644 1172 815 1228 repetitis
850 1171 1061 1221 exscriptos
1088 1171 1266 1222 publicae
1300 1171 1377 1210 luci
1409 1172 1594 1222 exposuit.

529 1224 700 1266 Libellus
716 1232 844 1263 autem
859 1256 870 1272 ἢ
892 1237 969 1275 quo
999 1233 1119 1264 artem
1140 1225 1246 1265 suam
1269 1226 1411 1275 tradit,
1433 1226 1600 1264 inscribi-

528 1287 591 1318 tur
609 1279 886 1332 Zeiglographia
900 1294 970 1317 ora
985 1295 1057 1317 new
1069 1292 1125 1317 art
1135 1280 1184 1331 os
1192 1282 1296 1318 Slzort
1307 1281 1457 1332 writing.
1475 1280 1597 1320 Lond.

532 1334 646 1382 1672.
675 1334 710 1372 8.
746 1333 848 1372 Huic
880 1333 980 1371 adde
1002 1332 1366 1384 Tacheographiam
1396 1333 1520 1373 Caroli
1546 1335 1596 1374 A-

527 1386 637 1437 loysii
669 1385 855 1437 Ramsay‚
885 1399 999 1437 quem
1026 1385 1199 1426 Sheltoni
1224 1395 1267 1425 ut
1294 1396 1452 1438 apparet
1481 1387 1590 1426 vesti-

528 1441 601 1491 giis
627 1440 817 1487 insistens,
845 1441 1043 1480 Germanis
1068 1441 1200 1479 nostris
1235 1442 1422 1480 utendum
1456 1440 1596 1480 obtulit

527 1494 630 1546 Lips.
662 1496 772 1547 1679.
800 1494 836 1533 8.
882 1494 1147 1534 Fundamenta
1176 1494 1287 1534 huius
1312 1496 1399 1535 artis
1432 1495 1594 1534 breviter

527 1549 675 1588 indicat
695 1548 981 1599 Wagenseilius
1002 1550 1042 1587 in
1062 1562 1152 1600 pera
1169 1548 1355 1588 librorum
1372 1548 1593 1587 iuvenilium

528 1602 792 1643 loculamento
834 1617 868 1642 2.
904 1616 990 1653 pag.
1028 1616 1086 1656 50.
1116 1605 1150 1642 Sc
1177 1604 1216 1641 in
1246 1603 1342 1643 libro
1370 1603 1594 1643 Germanice

526 1658 634 1696 edito
659 1658 707 1695 de
733 1657 964 1696 educatione
984 1658 1168 1708 Principis
1195 1657 1464 1705 adolescentis,
1487 1657 1549 1707 qui
1573 1672 1593 1697 a

528 1711 659 1751 studiis
696 1709 892 1750 literarum
926 1710 1108 1750 abhorret
1140 1725 1226 1762 pag.
1257 1726 1321 1760 44.
1361 1713 1487 1751 Notae
1518 1711 1593 1751 five

526 1764 642 1816 figlae
667 1765 967 1819 σημειογράφων
993 1770 1068 1818 (ut
1090 1775 1205 1805 vocat
1234 1765 1423 1805 Plutarch.
1449 1766 1488 1803 in
1514 1764 1595 1805 Ca-

525 1819 627 1858 tonis
646 1819 724 1860 vita
758 1833 797 1869 p.
821 1833 910 1870 770.
930 1820 945 1866 )
969 1833 1067 1869 quae
1097 1819 1187 1859 huic
1211 1820 1368 1859 editioni
1391 1819 1592 1858 adiunctae

525 1873 626 1921 sunt,
651 1874 686 1912 8(
710 1873 848 1922 quibus
873 1873 993 1913 multa
1013 1888 1033 1912 a
1054 1873 1414 1913 iunioribus'addita
1434 1872 1507 1912 esse
1528 1887 1594 1912 no-

523 1927 621 1967 tavit
643 1926 744 1966 Voff.
775 1927 851 1976 IV,
879 1943 912 1966 2.
949 1928 997 1966 de
1015 1928 1122 1966 vitiis
1145 1927 1328 1966 sermonis
1361 1927 1492 1973 latini,
1520 1941 1591 1966 ex-

496 2003 499 2009 ι
522 1981 622 2020 stant
637 1981 753 2020 etiam
773 1981 822 2020 ad
836 1980 981 2020 calcem
995 1980 1159 2021 thesauri
1182 1982 1476 2032 Inscriptionum
1494 1982 1590 2019 Gru-

523 2035 626 2083 teri,
654 2048 777 2086 nuper
800 2035 920 2074 nitide
942 2036 1057 2074 recufi
1083 2036 1196 2075 Amst.
1224 2050 1336 2087 ¹707-
1363 2036 1388 2075 f.
1416 2035 1590 2085 Explica-

523 2090 652 2128 tiones.
675 2088 859 2139 quasdam
891 2089 1043 2128 illarum
1076 2089 1250 2140 siglarum
1276 2103 1355 2128 non
1386 2089 1590 2128 infeliciter

523 2143 746 2182 emendavit
765 2143 804 2181 in
818 2143 963 2182 Codice
976 2143 1043 2182 suo
1060 2144 1287 2193 Marqardus
1311 2144 1470 2192 Gudius,
1493 2157 1587 2193 quas

523 2197 606 2236 eius
630 2196 913 2236 observationes
943 2198 982 2235 in
1002 2197 1337 2236 Amstelodamenfi
1359 2198 1526 2236 editione
1549 2212 1588 2236 o-

523 2250 650 2290 miffas
664 2251 851 2300 excerpsit
870 2251 1016 2294 amicus
1029 2251 1152 2289 noster
1168 2250 1463 2301 Christophorus
1474 2252 1588 2290 Wol-

522 2304 738 2353 tereckius,
769 2304 956 2355 inferique
982 2305 1126 2344 curavit
1147 2305 1249 2345 Acffis
1269 2305 1381 2344 Erud.
1412 2305 1590 2356 Lipsiens.

522 2359 637 2398 Tom.
666 2360 710 2398 V.
731 2357 917 2409 supplem.
931 2373 968 2409 p.
999 2372 1056 2411 31.
1078 2359 1130 2409 sq.
1158 2359 1269 2398 Liber
1286 2360 1382 2397 Petri
1402 2361 1588 2407 Diaconi,

520 2411 711 2451 Mona-chi
738 2412 963 2461 Casmenfis,
998 2413 1061 2463 qui
1095 2421 1205 2452 notas
1238 2413 1464 2452 Tironianas
1496 2421 1586 2452 ante

521 2478 642 2506 annos
673 2466 836 2516 amplius
863 2467 1100 2518 quingentos
1125 2465 1329 2517 explicavit
1362 2467 1410 2506 ad
1438 2467 1584 2508 Conra-
