1741 2919
289 125 380 173 282
450 126 453 129 ’
552 130 600 175 L.
643 128 931 175 ANNAEI
980 128 1334 175 SENECAE

351 238 401 283 ll.
434 237 521 282 Pro
547 235 644 298 ipso
668 236 848 299 quidem
869 237 1044 283 Catone
1066 237 1262 283 securum
1287 250 1331 284 te
1348 235 1431 284 effe
1456 234 1565 283 iuffi.

282 309 328 359 N
333 309 465 355 ullum
495 309 613 354 enim
635 309 871 372 sapientem
896 327 984 371 >nec
1010 310 1212 356 iniuriam
1236 309 1455 372 accipere,
1482 325 1562 356 nec

283 382 595 428 contumeliam
624 382 759 444 poffe.
800 383 1021 429 Catonem
1048 396 1192 430 autem
1219 383 1378 431 certius
1407 398 1562 429 exem-

280 455 374 515 plar
413 453 613 516 sapientis
649 454 732 500 viri
772 455 899 500 nobis
933 457 1039 502 deos
1071 454 1339 502 immortales
1372 452 1563 508 dedisse,

281 542 414 589 quam
451 526 654 589 Ulyssem
692 543 735 574 et
763 522 996 573 Herculem
1026 527 1242 591 prioribus
1269 526 1434 574 seculis.
1467 526 1564 572 Hbs

281 600 399 646 enim
436 600 572 646 Stoici
613 599 744 644 nostr}
786 599 995 662 sapientes
1026 600 1447 663 pronuntiaverunt,
1490 599 1563 644 in-

277 674 422 721 νίξὶος
451 674 694 731 laboribus,
724 687 1016 730 centemtores
1040 673 1308 737 voluptatis,
1342 685 1385 720 et
1416 672 1562 719 vieto-

278 763 346 793 res
365 747 566 793 omnium
586 759 814 793 terrarum.
831 748 945 795 Cato
958 766 1056 795 cum
1070 749 1170 796 feris
1187 765 1339 795 manus
1355 766 1445 795 non
1461 766 1560 795 con·

277 819 376 867 tulfr
392 858 404 867 ,
433 838 539 884 quas
571 821 806 868 conseE'tari
834 822 1060 869 venatoris
1086 822 1346 886 agrestisque
1370 822 1455 869 est:
1480 832 1560 868 nec

276 894 468 941 monstra:
491 895 590 953 {gne
613 912 661 941 ac
679 894 796 941 ferro
823 896 1068 959 persecutus
1093 896 1153 942 est
1168 932 1181 954 ,
1202 913 1284 944 nec
1307 896 1352 942 in
1373 913 1422 944 ea
1447 912 1561 943 tem-

274 984 385 1029 pora
418 969 599 1026 incidit,
622 969 779 1032 quibus
803 969 920 1016 credi
948 970 1090 1032 poffet
1121 971 1292 1017 coelum
1326 970 1453 1017 unius
1481 970 1560 1015 hu-

275 1042 410 1089 meris
436 1042 587 1099 inniti,
611 1041 784 1089 excussa
809 1042 893 1088 iam
921 1043 1098 1106 antiqua
1123 1044 1403 1101 credulitate,
1429 1055 1471 1089 et
1499 1042 1560 1088 se-

275 1114 376 1162 culo
404 1117 455 1161 ad
488 1116 701 1163 summam
734 1116 948 1178 perdusto
979 1117 1211 1165 solertiam.
1248 1119 1360 1164 Cum
1393 1118 1559 1163 ambitu

276 1188 553 1252 congressus,
586 1189 852 1236 multiformi
876 1191 991 1236 malo
1007 1228 1019 1249 ,
1044 1206 1085 1238 et
1114 1210 1214 1239 cum
1236 1192 1456 1256 potentiae
1475 1192 1559 1238 im-

276 1262 422 1308 mensa
454 1264 716 1326 cupiditate,
746 1280 879 1328 quam
908 1277 1026 1311 totus
1060 1265 1180 1312 orbis
1208 1265 1253 1312 in
1280 1277 1366 1312 tres
1397 1265 1558 1312 divisus

275 1334 426 1383 satiare
455 1354 545 1383 non
572 1349 765 1400 poterat,
795 1337 996 1384 adversus
1027 1337 1133 1384 vitia
1157 1337 1345 1384 civitatis
1367 1338 1556 1401 degene-

276 1409 436 1465 rantis,
467 1425 510 1456 et
541 1409 708 1471 peffizm
731 1410 802 1457 sua
830 1410 946 1455 mole
973 1411 1149 1457 fidentis
1166 1443 1179 1466 ‚
1211 1411 1324 1457 stetit
1348 1412 1488 1466 solus,
1514 1422 1558 1458 et

232 1527 233 1532 ,
275 1482 500 1529 cadentem
522 1483 855 1547 Rempublicam
872 1520 885 1538 ,
902 1500 1114 1547 quantum
1135 1485 1276 1530 modo
1291 1501 1375 1530 una
1395 1485 1555 1531 retrahi

275 1574 407 1601 manu
443 1573 616 1620 poterat
636 1594 651 1614 ‚
682 1557 860 1605 retinuit
891 1576 900 1603 :
940 1556 1092 1603 dorreti
1112 1556 1183 1604 vel
1210 1557 1412 1620 abreptus
1434 1593 1445 1613 ,
1484 1558 1555 1603 vel

274 1630 532 1687 abib-aelus,
561 1631 771 1678 comitem
800 1631 840 1677 se
867 1631 943 1677 diu
960 1630 1211 1677 sustentatae
1232 1629 1381 1676 ruinae
1402 1630 1552 1676 dedit:

275 1704 486 1768 sumulque
504 1703 707 1753 exstinela
736 1704 859 1760 sunt,
887 1721 998 1767 quae
1019 1702 1139 1750 nefas
1159 1716 1249 1750 erat
1277 1703 1431 1751 dividi.
1464 1705 1554 1750 Ne-

275 1796 362 1841 que
390 1779 508 1826 enim
536 1779 653 1825 Cato
682 1777 782 1841 post
814 1778 1058 1825 libertatem
1089 1776 1234 1831 vixit,
1266 1793 1346 1823 nec
1380 1777 1555 1824 libertas

274 1852 374 1916 post
393 1851 755 1899 CatonemHinc
777 1863 822 1897 tu
840 1866 963 1915 putas
981 1850 1183 1897 iniuriam
1208 1849 1302 1896 fieri
1325 1850 1511 1912 potuisse
1530 1866 1553 1895 a

273 1924 467 1986 populo,
494 1923 615 1987 quod
636 1936 707 1969 aut
723 1938 967 1986 praeturam
983 1921 1041 1968 illi
1062 1922 1271 1979 detraxit,
1290 1937 1362 1969 aut
1378 1926 1551 1984 togam?

271 1996 397 2057 quod
427 1997 592 2042 sacrum
620 1995 728 2042 illud
753 2007 879 2056 caput
907 1994 1205 2058 purgamentis
1231 1995 1320 2041 oris
1343 1993 1550 2056 aspersit?

272 2070 415 2116 Tutus
434 2069 493 2116 est
511 2069 700 2132 sapiens,
720 2085 800 2118 nec
817 2068 902 2115 ulla
919 2068 1033 2118 affici
1048 2081 1121 2116 aut
1140 2069 1319 2126 iniuria,
1344 2083 1419 2116 aut
1441 2084 1552 2116 εοηΞ

271 2142 449 2192 tumelia
476 2142 630 2205 potest.

338 2218 407 2277 111.
438 2217 609 2263 Videor
633 2214 740 2263 mihi
758 2215 915 2263 intueri
933 2215 1128 2262 animum
1155 2225 1280 2262 tuum
1305 2214 1548 2273 incensum,

270 2301 315 2336 et
336 2289 710 2337 effervescentem.
739 2306 862 2353 paras
889 2289 1128 2336 acclamare
1150 2305 1160 2332 :
1180 2289 1300 2335 Haec
1320 2287 1415 2334 sunt
1440 2305 1552 2352 quae

268 2363 566 2410 auetoritatem
583 2363 826 2427 praeceptis
845 2361 996 2410 vestris
1012 2363 1251 2410 detrahant.
1270 2379 1424 2426 magna
1443 2379 1548 2425 pro-

268 2433 402 2487 mittis
415 2470 429 2495 ,
449 2449 493 2483 et
517 2451 628 2499 quae
648 2452 702 2484 ne
721 2434 866 2498 optari
884 2434 1063 2500 quidem
1080 2467 1095 2493 ,
1123 2435 1283 2485 nedum
1301 2435 1421 2486 credi
1439 2435 1546 2500 pos-²
