1741 2919
277 155 335 185 >x
480 132 827 180 NOTITIA
877 131 1305 178 LITERARrA

266 245 419 314 studiis
454 243 684 288 liberalibus
715 239 770 286 ad
806 238 1047 285 Liberalem
1096 239 1209 287 haud
1250 237 1444 285 diversus
1491 239 1550 286 est

279 311 333 356 ab
364 308 552 370 Epistola
587 309 659 352 88.
690 319 736 352 ut
763 304 848 350 iam
881 304 1008 365 supra
1036 318 1246 351 notatum.
1291 302 1411 363 Quid
1444 319 1553 350 vero

279 374 425 434 scripti
454 372 502 417 fit
526 376 697 418 Senecae
727 372 773 416 de
796 371 1059 422 Cavalleria‚
1090 368 1362 416 Ferdinando
1384 369 1554 416 Mexiae

279 444 395 501 apud
419 439 517 484 Nic.
537 435 781 482 Antonium
812 436 885 480 lib.
912 451 948 479 1.
976 434 1081 480 Bibl.
1099 447 1181 482 vet.
1215 433 1390 496 Hispan.
1416 449 1455 495 p.
1484 450 1555 496 32.

279 505 480 562 allegatus
498 536 511 559 ‚
548 503 654 547 alius
681 501 927 557 dicet‚non
957 515 1055 559 ego.

348 568 427 615 His
463 567 573 613 adde
609 567 817 631 Epistolas
859 565 942 609 0c70
973 567 1033 609 ad
1066 566 1248 610 Paulum
1281 563 1525 627 Apostolum
1547 600 1561 623 ,

282 651 392 698 quae
426 648 519 678 non
550 631 694 677 minus
724 646 854 693 quam
889 629 959 675 sex
988 630 1107 675 Pauli
1127 630 1179 675 ad
1199 631 1403 674 Senecam
1422 663 1436 686 ,
1462 627 1558 691 spu—

281 701 372 745 riae
408 698 533 751 sunt,
578 695 655 742 etsi
692 711 782 740 non
828 693 922 740 heri
956 694 1026 740 vel
1064 694 1220 740 nudius
1264 694 1449 749 tertius,
1489 694 1557 741 sed

283 776 382 810 ante
406 762 539 808 multa
576 761 717 807 secula
753 770 763 789 ¹
791 758 888 805 sunt
916 757 1149 815 confictae,
1172 776 1271 805 cum
1290 774 1438 803 earum
1475 758 1558 804 iam

284 827 534 876 meminerit
564 829 610 873 B.
642 824 901 888 Augustinus
925 824 975 869 &
1004 824 1332 887 Hieronymus,
1358 834 1406 868 ut
1434 823 1561 869 Pseu-

285 892 548 940 do-Linum
568 926 581 945 ‚
617 889 1056 950 commentitiumque
1092 889 1309 934 Dextrum
1332 923 1344 944 ,
1377 888 1427 934 &
1472 887 1563 934 loh.

284 958 490 1005 sarisber.
512 957 597 1001 iam
627 955 896 1001 omittamus.
922 954 1072 999 Editae
1093 953 1186 999 sunt
1211 970 1310 999 cum
1349 953 1439 998 aliis
1468 954 1560 998 Sen.

286 1022 429 1085 script.
446 1024 581 1083 Neap.
605 1038 620 1066 1
632 1022 743 1079 484,
758 1018 786 1064 f.
800 1022 958 1065 Venet.
978 1037 1060 1080 ¹49
1072 1036 1110 1074 2,
1124 1017 1152 1063 f.
1165 1019 1214 1064 &
1231 1018 1275 1062 in
1287 1018 1390 1062 edit.
1402 1016 1563 1063 Erasmi

288 1088 410 1134 Bafil.
449 1103 588 1150 1529,
610 1086 690 1131 101.
722 1085 791 1131 sed
823 1082 1049 1146 praemifla
1084 1082 1260 1129 censura
1281 1115 1293 1136 ‚
1327 1099 1410 1144 qua
1432 1083 1565 1128 Paulo

288 1154 338 1200 &
372 1153 532 1198 Seneca
574 1150 778 1212 indignae
812 1148 1180 1211 pronuntiantur-3
1211 1161 1429 1209 praeterea
1466 1164 1565 1193 cum

286 1218 402 1263 libro
427 1217 481 1263 de
505 1218 582 1262 IV.
599 1213 837 1261 virtutibus
865 1213 1152 1260 cardinalibus
1177 1214 1311 1276 Lugd.
1347 1229 1456 1273 1523
1482 1247 1494 1268 ,
1521 1230 1567 1271 4,

287 1285 444 1328 Vener.
487 1281 633 1344 1588,
668 1279 709 1326 8.
744 1280 794 1325 &
824 1295 922 1324 cum
955 1278 1130 1341 reliquis
1173 1278 1290 1322 Pauli
1334 1276 1566 1339 Epistolis,

286 1347 417 1395 etiam
447 1346 596 1392 Iacobi
625 1344 748 1391 Fabri
774 1343 1033 1406 Stapulenfis
1071 1341 1451 1389 observatiowbus
1472 1342 1566 1389 illu-

346 1463 362 1488 1
378 1447 629 1489 Occafionem
647 1458 709 1485 eas
724 1444 895 1496 fingendi

288 1504 468 1543 videntur
491 1501 635 1541 dediss'e
659 1500 774 1539 verba
808 1499 895 1538 Phi-

285 1558 384 1608 lipp.
409 1574 448 1607 4,
467 1571 526 1596 22.
543 1555 642 1594 Vide
662 1554 758 1593 Dan.
778 1553 896 1593 Hein-

284 1612 381 1651 fium
411 1611 460 1650 ad
487 1609 524 1649 h.
555 1608 580 1649 l.
610 1611 760 1659 &quae
786 1616 896 1645 nota-

285 1667 325 1705 vi
342 1667 379 1703 in
396 1665 540 1705 Codice
553 1660 788 1713 Apocrypho
815 1662 897 1701 No-

283 1721 323 1759 vi
338 1719 437 1760 Test.
464 1718 529 1757 ubi
553 1716 621 1755 has
642 1714 824 1766 Epistolas
842 1715 897 1752 in-

283 1780 411 1825 tegras
426 1772 581 1811 exhibui
598 1770 786 1809 adiunc'tis
803 1769 895 1807 meis

285 1825 689 1867 animadverfionibus.
742 1823 801 1862 Ad
825 1824 897 1861 Ve-

286 1889 411 1921 terum
428 1880 515 1920 loca
531 1879 597 1930 ipsi
614 1877 815 1929 praemifl'a
832 1877 897 1916 ad-

287 1937 355 1975 des
383 1935 480 1974 haec
503 1933 670 1974 Honorii
686 1931 893 1981 Augustod.

285 1990 333 2029 de
363 1987 613 2028 luminaribus
643 1985 784 2025 Eccles.
816 1987 895 2024 Lu-

284 2044 359 2082 cius
386 2045 561 2082 Annaeus
594 2042 723 2078 Seneca
760 2041 895 2078 Cordu-

283 2099 392 2148 benfis
415 2097 538 2135 Fotini
555 2102 572 2148 Q
588 2094 660 2145 leg.
689 2106 734 2133 ex
758 2093 896 2132 Hiero-

281 2164 400 2201 nymo
430 2150 589 2189 Sotionis
606 2150 622 2195 )
642 2147 755 2186 Stoici
784 2148 891 2199 disci-

961 1444 1066 1483 brius
1093 1445 1140 1483 de
1171 1444 1307 1484 Politia
1332 1444 1471 1484 literar.
1500 1444 1563 1485 lib.

965 1513 996 1537 1.
1028 1512 1064 1549 p.
1089 1512 1146 1551 57.
1161 1498 1227 1538 lib.
1247 1514 1280 1538 2.
1300 1513 1336 1549 p.
1355 1512 1439 1539 121.
1462 1500 1567 1539 Mot-

960 1560 1073 1591 tanus
1087 1553 1257 1604 Vayerus
1274 1554 1321 1592 de
1345 1554 1486 1593 virtute
1501 1567 1566 1604 pa-

962 1619 1149 1657 ganorum
1164 1607 1209 1647 T.
1229 1622 1261 1646 1.
1291 1608 1369 1658 Op}
1387 1639 1394 1646 .
1413 1621 1452 1658 p.
1477 1608 1564 1647 660.

961 1661 1037 1711 seq.
1074 1661 1114 1699 in
1141 1659 1209 1699 fol.
1239 1663 1274 1700 Sc
1299 1661 1440 1701 Thom.
1481 1661 1568 1701 Cre-

960 1716 1046 1753 nius
1068 1715 1116 1754 ad
1131 1715 1176 1754 T.
1207 1727 1237 1765 3.
1261 1714 1486 1755 Methodor.
1519 1715 1565 1754 de

959 1769 1090 1808 studiis
1124 1768 1363 1808 instituendis
1402 1783 1440 1820 p.
1476 1781 1564 1822 415.

960 1822 1035 1873 seq.
1059 1823 1160 1862 Hinc
1180 1835 1296 1873 porro
1314 1825 1459 1862 Seneca
1475 1835 1567 1873 quo-

959 1877 1123 1916 rundam
1143 1876 1287 1915 iudicio
1307 1878 1485 1916 audacter
1503 1889 1568 1915 ana

959 1938 1180 1970 numeratus
1216 1930 1458 1979 Christianis,
1504 1931 1566 1969 cui

958 1986 1012 2023 rei
1046 1984 1268 2036 probandae
1298 1986 1414 2024 miror
1442 1984 1565 2024 homi-

958 2052 1025 2078 nes
1053 2039 1149 2078 adeo
1180 2038 1335 2077 nasutos
1366 2052 1445 2078 non
1476 2051 1564 2088 pro-

960 2092 1103 2132 duxisse
1119 2091 1215 2131 haec
1231 2092 1459 2132 Tertulliani
1477 2104 1562 2141 cap.

962 2160 994 2199 3.
1014 2145 1215 2197 Apologet.
1242 2148 1323 2200 Ego
1346 2147 1563 2198 Luciumsa-

278 2205 389 2258 palus
413 2204 448 2242 δ’
464 2216 617 2257 patruus
642 2201 777 2241 Lucani
800 2202 892 2239 Poe·
952 2213 1103 2253 ptentem
1137 2215 1249 2238 wrum
1283 2213 1415 2254 repente
1434 2200 1566 2250 thum

281 2271 338 2298 tae
352 2260 491 2312 scripfit
520 2258 686 2310 quasdam
711 2255 892 2308 Epistolas

281 2315 332 2350 ad
347 2314 499 2350 Paulum
524 2311 729 2364 Apostolum
747 2333 766 2352 φ
782 2308 814 2346 ὅ*
835 2310 891 2347 Α-

276 2367 432 2420 postolus
491 2367 656 2417 quasdam
714 2363 889 2414 rescripsit.

283 2419 459 2458 Censuris
492 2418 736 2468 adiungenda
774 2416 889 2465 sunt,

280 2487 378 2524 quae
401 2472 519 2512 habet
532 2471 701 2523 Angelus
729 2471 892 2511 Decem-

962 2256 1189 2308 Christianum
1208 2254 1333 2306 defero.
1361 2254 1437 2295 Sed
1456 2252 1567 2291 fabu-

960 2307 1038 2348 lam
1055 2309 1102 2348 de
1118 2309 1262 2348 Seneca
1279 2308 1489 2347 Christiano
1506 2318 1567 2345 ex·

957 2362 1085 2413 plodit
1131 2362 1353 2403 Franciscus
1404 2361 1564 2401 Modius

956 2417 1060 2458 Lest.
1083 2417 1307 2468 novantiqu.
1337 2415 1449 2468 Epist.
1472 2427 1532 2455 21.
