1741 2919
300 150 390 226 166Δ
537 153 587 198 L.
637 150 936 198 ANNAEI
986 150 1339 197 SENECAE

291 252 429 318 num‘,
452 258 521 307 cui
543 275 663 306 mors
682 258 823 305 fratris
847 258 893 304 in
913 258 1065 305 exsilio
1085 257 1279 305 nuntiata
1308 257 1369 305 est
1398 258 1415 306 ?
1437 260 1475 306 Is
1493 258 1582 305 fra-⁴

291 346 361 381 ter
388 333 464 396 qui
495 331 656 395 eripuit
683 331 861 379 fratrem
892 349 1094 390 carcere,
1120 349 1212 379 non
1236 332 1383 396 potuit
1411 333 1580 395 eripere

290 406 412 452 sato:
437 415 480 452 et
504 420 636 468 quam
667 403 774 451 iuris
797 405 926 468 aequi
951 403 1185 467 impatiens
1215 405 1354 468 pietas
1382 403 1580 452 Africani

289 479 443 537 fuerit,
463 478 630 526 cunffis
655 477 867 540 apparuit.
895 478 1055 525 eodem
1081 477 1202 525 enim·
1230 477 1330 534 die,
1357 495 1452 543 quo
1479 479 1580 527 via-

290 554 400 602 toris
431 554 632 602 manibus
670 552 852 601 fratrem
889 553 1150 612 abstulerat,
1180 554 1365 602 tribuno
1395 570 1581 618 quoque

289 628 432 691 plebis
452 628 650 692 privatus
668 627 918 676 interceffit.
944 640 1033 674 tam
1053 642 1219 691 magno
1239 640 1385 675 tamen
1404 627 1583 674 fratrem

291 701 558 749 desideravit
579 702 652 750 hic
672 702 823 750 animo
838 739 852 762 ‚
880 720 1012 767 quam
1033 701 1303 750 defenderat.
1323 702 1449 764 Quid
1467 701 1587 748 refe-

289 792 382 822 ram
404 775 705 824 Aemilianum
725 776 980 841 Scipionem
996 813 1008 836 ‚
1030 776 1106 840 qui
1128 794 1221 824 uno
1241 794 1377 840 paene
1394 776 1584 823 eodem-

288 865 377 913 que
404 861 611 913 tempore
635 850 844 913 speclavit
868 851 1002 913 patris
1025 850 1303 913 triumphum
1319 886 1333 909 ‚
1367 851 1586 897 duorum-

290 939 376 987 que
397 922 583 971 fratrum
605 923 758 971 funera
781 924 799 971 ?
831 924 1181 972 adolescentulus
1201 935 1371 982 tamen,
1401 940 1451 971 ac
1476 940 1587 986 pro-

290 999 537 1060 pemodum
567 1015 709 1062 puer,
748 1011 872 1047 tanto
911 999 1063 1046 animo
1097 999 1200 1046 tulit
1234 999 1354 1046 illam
1391 998 1586 1047 familiae

290 1070 416 1126 suae,
435 1071 565 1135 super
585 1071 730 1135 ipsum
752 1072 873 1120 Pauli
891 1073 1165 1135 triumphum
1192 1072 1467 1120 concidentis
1481 1109 1494 1131 ‚
1514 1073 1586 1120 su-

293 1142 432 1190 bitam
449 1143 694 1191 vastitatem
710 1180 724 1203 ‚
750 1157 921 1209 quanto
945 1145 1097 1192 debuit
1118 1144 1232 1192 ferre
1253 1145 1323 1190 vir
1340 1143 1385 1190 in
1400 1144 1489 1191 hoc
1510 1162 1590 1191 na-
1638 1200 1647 1203 Δ

293 1230 363 1264 tus
380 1253 392 1273 ‚
418 1233 473 1263 ne
496 1218 596 1264 urbi
622 1219 851 1266 Romanae
870 1231 943 1266 aut
963 1217 1114 1282 Scipio
1145 1217 1339 1277 deesset,
1371 1230 1446 1265 aut
1475 1219 1587 1266 Car-

293 1293 428 1357 thago
454 1293 700 1356 superesset.

360 1369 585 1416 XXXIV.
621 1367 745 1429 Quid
774 1368 961 1415 referam
984 1367 1176 1415 duorum
1209 1368 1495 1416 Lucullorum
1521 1369 1588 1417 di-

294 1455 472 1508 reptam,
497 1454 642 1490 morte
673 1442 998 1490 concordiam?
1030 1444 1152 1504 Quid
1185 1444 1458 1508 Pompeios?
1486 1446 1587 1509 qui-

297 1519 378 1565 bus
397 1534 451 1565 ne
469 1517 557 1564 hoc
578 1517 757 1581 quidem
779 1516 974 1564 saeviens
999 1518 1174 1581 reliquit
1201 1518 1377 1565 fortuna
1394 1552 1408 1576 ‚
1433 1535 1481 1566 ut
1501 1538 1586 1568 una

298 1594 489 1657 denique
518 1592 803 1640 conciderent
832 1591 973 1638 ruina.
1008 1592 1131 1639 Vixit
1151 1594 1303 1640 Sextus
1325 1595 1586 1657 Pompeius,

298 1667 492 1729 primum
524 1666 667 1713 sorori
704 1664 944 1728 superstes,
977 1665 1100 1713 cuius
1130 1677 1275 1712 morte
1311 1665 1483 1728 optime
1507 1683 1588 1713 co-

299 1739 519 1787 haerentis
539 1741 766 1786 Romanae
781 1739 900 1802 pacis
919 1739 1095 1786 vincula
1115 1740 1305 1787 resoluta
1321 1739 1431 1786 sunt.
1449 1741 1589 1787 Idem-

302 1830 390 1876 que
421 1812 535 1860 vixit
560 1811 768 1874 superstes
799 1807 976 1874 optimo
1002 1812 1122 1858 fratri
1144 1831 1155 1859 ε
1184 1829 1314 1876 quem
1338 1812 1514 1860 fortuna
1543 1814 1593 1862 in

300 1887 391 1934 hoc
415 1898 639 1942 erexerat,
671 1901 727 1931 ne
762 1884 906 1932 minus
938 1885 1024 1932 alte
1055 1902 1157 1932 eum
1191 1885 1423 1943 deiiceret,
1452 1902 1588 1949 quam

302 1973 473 2024 patrem
505 1960 725 2006 deiecerat
754 1978 764 2005 ε
792 1974 836 2007 et
869 1958 967 2022 post
993 1960 1109 2006 hunc
1139 1972 1285 2006 tamen
1321 1960 1462 2007 casum
1498 1977 1590 2007 non

303 2044 475 2079 tantum
498 2031 669 2089 dolori,
694 2031 768 2078 sed
792 2031 911 2079 bello
937 2031 1118 2080 suffecit.
1149 2032 1485 2079 Innumerabilia
1504 2051 1589 2080 un-

304 2106 438 2169 dique
468 2105 669 2167 exempla
697 2104 995 2167 separatorum
1026 2117 1172 2152 morte
1202 2105 1384 2152 fratrum
1411 2107 1590 2153 succur-

304 2192 433 2232 runt;
464 2177 606 2225 immo
639 2190 818 2237 contra,
852 2179 930 2226 vix
953 2179 1038 2225 ulla
1067 2195 1259 2241 unquam
1283 2178 1443 2226 horum
1474 2179 1591 2242 paria

305 2250 536 2313 conspeEta
555 2250 650 2298 sunt
665 2268 750 2297 una
765 2251 1053 2298 senescentia:
1071 2253 1143 2298 sed
1167 2263 1400 2298 contentus
1418 2249 1590 2297 nostrae

308 2322 468 2370 domus
493 2324 706 2386 exemplis
741 2340 835 2370 ero.
874 2326 1024 2370 Nemo
1050 2325 1166 2371 enim
1198 2337 1288 2370 tam
1319 2338 1474 2385 expers
1511 2322 1591 2368 erit

308 2392 452 2441 sensus
470 2412 520 2441 ac
544 2396 750 2454 sanitatis,
770 2407 816 2442 ut
835 2395 1056 2452 fortunam
1085 2396 1161 2441 ulli
1189 2407 1396 2460 queratur
1420 2394 1586 2451 lustum

309 2466 524 2516 intulisse:
545 2486 677 2533 quam
704 2469 810 2518 sciet
838 2470 970 2518 etiam
991 2469 1227 2516 Caesarum
1255 2467 1452 2516 lacrimas
1476 2481 1590 2512 con-
