1741 2919
290 129 388 177 'vo
551 128 600 173 L.
650 124 952 172 ANNAEI
998 121 1357 171 SENECAE

329 162 349 191 >

289 238 450 284 habet:
476 234 641 281 nullum
674 234 794 281 enim
823 244 913 279 tam
950 232 1081 295 inops
1109 231 1307 280 exsilium
1338 231 1430 289 est,
1455 232 1585 296 quod

289 328 382 359 non
408 309 568 356 alendo
587 307 763 354 homini
784 307 959 354 abunde
978 307 1123 354 fertile
1141 307 1204 353 fit.
1223 313 1298 353 An
1318 307 1483 354 vestem
1496 345 1510 366 ‚
1528 326 1585 355 an

287 386 476 432 domum
497 382 817 436 desideraturus
846 381 908 428 est
932 382 1088 429 exsul?
1110 380 1153 427 Si
1180 381 1288 428 haec
1321 398 1501 445 quoque
1531 382 1586 429 ad

287 456 413 505 usum
447 468 617 503 tantum
653 453 942 511 defiderabit,
972 471 1115 518 neque
1145 457 1309 502 tectum
1343 456 1385 501 ei
1418 456 1583 514 deerit,

287 547 429 594 neque
455 530 674 578 velamen.
703 545 842 592 aeque
871 528 991 575 enim
1016 529 1180 592 exiguo
1201 529 1360 592 tegitur
1389 545 1552 592 corpus
1570 565 1585 588 ,

285 620 420 669 quam
452 601 591 649 alitur.
622 601 729 648 nihil
754 601 929 648 homini
948 614 1100 649 natura
1118 638 1132 659 ,
1154 603 1277 666 quod
1298 601 1583 649 neceffarium

285 677 476 727 faciebat
490 711 502 732 ,
524 673 632 723 fecit
649 674 906 738 operosum.
925 674 969 720 Si
988 674 1200 724 desiderat
1217 675 1447 723 saturatam
1468 676 1585 723 mul-

284 770 335 804 ιο
371 751 616 816 conchylio
645 766 917 813 purpuram,
940 748 1153 795 intextam
1189 766 1326 805 auro,
1359 751 1584 815 variisque

282 826 511 877 coloribus
546 822 791 871 distin&am
826 834 869 869 et
894 821 1103 877 artibus;
1139 839 1230 869 non
1266 823 1470 872 fortunae
1505 825 1584 872 iste

281 900 399 952 vitio
424 931 438 955 ,
475 899 547 945 sed
577 898 657 945 suo
694 913 862 960 pauper
895 895 971 942 est.
1005 897 1140 943 etiam
1176 895 1206 942 fi
1237 898 1326 956 illi,
1360 899 1583 963 quidquid

280 974 424 1023 amisit
449 1009 462 1032 ,
488 971 759 1029 restitueris,
798 969 909 1016 nihil
947 987 1061 1034 ages.
1099 970 1194 1034 plus
1228 971 1346 1018 enim
1383 972 1582 1022 restituto

281 1049 423 1096 deerit
455 1064 511 1094 ex
542 1062 599 1092 eo
623 1044 750 1108 quod
779 1044 930 1107 cupit,
952 1061 1083 1107 quam
1115 1044 1251 1092 exsuli
1278 1062 1334 1092 ex
1364 1062 1421 1092 eo
1457 1048 1581 1110 quod

219 1157 222 1160 -
277 1123 444 1170 habuit.
478 1121 522 1167 Si
541 1119 754 1166 desiderat
778 1117 921 1164 aureis
942 1117 1185 1181 fulgentem
1207 1117 1318 1166 vasis
1337 1118 1582 1181 supellecti-

278 1198 364 1243 lem
380 1230 395 1253 ,
422 1206 465 1241 et
491 1191 680 1256 antiquis
700 1190 958 1238 nominibus
988 1189 1207 1238 artificum
1233 1206 1462 1255 argentum
1489 1209 1581 1239 no-

276 1270 364 1316 bile
380 1305 393 1328 ,
416 1284 486 1315 aes
511 1281 758 1329 paucorum
784 1263 947 1311 insania
977 1263 1218 1326 pretiosum
1235 1299 1250 1322 ‚
1279 1276 1323 1311 et
1348 1263 1579 1313 servorum

276 1344 473 1399 turbam,
495 1356 606 1404 quae
625 1338 829 1403 quamvis
843 1353 1046 1401 magnam
1068 1337 1252 1384 domum
1271 1336 1489 1402 angustet,
1510 1338 1579 1386 iu-

274 1429 531 1466 mentorum
553 1430 748 1478 corpora
767 1412 940 1460 differta
959 1428 1001 1460 et
1026 1413 1176 1459 coacta
1199 1412 1507 1477 pinguescere,
1533 1426 1579 1461 et

274 1492 510 1541 nationum
542 1486 743 1535 omnium
778 1484 944 1548 lapides
976 1502 986 1531 :
1015 1484 1093 1532 ista
1117 1496 1413 1548 congerantur
1441 1486 1577 1545 licet,

273 1579 500 1628 nunquam
526 1559 771 1623 explebunt
789 1558 1102 1621 inexplebilem
1124 1559 1336 1622 animum.
1365 1576 1457 1606 non
1479 1577 1577 1607 ma·

272 1638 340 1703 gis
358 1673 372 1697 ,
393 1652 527 1701 quam
553 1633 665 1681 ullus
690 1631 875 1679 sufficiet
903 1631 1068 1679 humor
1089 1631 1144 1677 ad
1172 1629 1412 1678 satiandum
1435 1649 1537 1679 eum
1561 1668 1577 1690 ‚

271 1710 399 1759 cuius
430 1707 692 1756 desiderium
717 1721 810 1751 non
831 1721 886 1751 ex
914 1704 1093 1768 inopia,
1115 1704 1189 1752 sed
1208 1722 1262 1752 ex
1282 1703 1400 1752 aestu
1419 1706 1578 1753 arden-

271 1786 382 1832 tium
403 1783 623 1831 viscerum
645 1780 803 1829 oritur.
822 1797 913 1827 non
934 1780 1052 1827 enim
1070 1780 1158 1828 fitis
1176 1780 1249 1826 illa
1263 1815 1277 1839 ‚
1295 1780 1369 1827 sed
1389 1782 1577 1829 morbus

267 1857 345 1905 est.
365 1858 461 1903 Nec
476 1857 564 1902 hoc
582 1854 627 1901 in
646 1853 836 1917 pecunia
852 1864 1019 1899 tantum
1033 1886 1048 1910 ,
1069 1868 1143 1901 aut
1162 1853 1376 1902 alimentis
1394 1856 1574 1912 evenit:

268 1933 423 1979 eadem
443 1942 595 1976 natura
611 1928 673 1975 est
690 1928 734 1975 in
753 1926 878 1976 omni
898 1926 1138 1985 desiderio,
1155 1926 1280 1991 quod
1293 1943 1386 1974 non
1399 1945 1452 1974 ex
1470 1928 1572 1975 ino-

267 2006 342 2069 pia
358 2038 372 2061 ,
401 2005 476 2051 sed
496 2020 551 2050 ex
571 2001 688 2051 vitio
715 2000 921 2049 nascitur.
939 2000 1160 2065 quidquid
1189 2000 1250 2048 illi
1274 2002 1570 2068 congefferi53

265 2097 361 2127 non
382 2078 482 2126 finis
512 2076 596 2124 erit
612 2075 888 2140 cupiditatis,
906 2074 980 2122 sed
998 2075 1174 2138 gradus.
1204 2074 1301 2136 Qui
1319 2075 1571 2123 continebit

237 2213 240 2214 ⁷
264 2154 420 2217 itaque
441 2151 485 2199 se
505 2150 620 2198 intra
646 2149 885 2196 naturalem
904 2148 1094 2195 modum
1110 2183 1124 2207 ,
1147 2160 1453 2212 paupertatem
1474 2165 1569 2196 non

266 2225 449 2273 sentiet:
470 2223 551 2287 qui
568 2220 807 2269 naturalem
829 2219 1016 2267 modum
1035 2220 1247 2278 excedet,
1266 2236 1368 2268 eum
1386 2220 1432 2267 in
1451 2220 1568 2268 sum-

263 2298 349 2345 mis
380 2296 543 2360 opibus
574 2311 764 2360 quoque
795 2307 1029 2356 paupertas
1058 2291 1280 2356 sequetur.
1306 2293 1567 2342 Necessariis

261 2373 393 2421 rebus
428 2384 472 2419 et
506 2372 655 2419 exsilia
690 2368 911 2418 sufficiunt
938 2385 950 2417 :
987 2367 1270 2432 supervacuis
1300 2385 1385 2417 nec
1416 2386 1563 2434 regna.

259 2445 450 2495 Animus
479 2445 540 2494 est
567 2445 646 2512 qui
675 2444 837 2496 divites
856 2442 976 2494 facit.
1001 2443 1077 2492 hic
1103 2441 1150 2493 in
1166 2441 1313 2492 exsilia
1333 2443 1528 2508 sequitur
1544 2478 1567 2504 ,
