1741 2919
390 158 475 206 DE
507 157 1047 217 TRANQUILHTATE
1082 156 1275 204 AN1M1.
1377 157 1462 204 261

136 278 140 283 ’
189 278 301 326 quae
326 261 616 309 liberaliflima
633 261 827 324 impensa
855 262 942 317 est,
969 263 1134 309 tamdiu
1154 262 1367 309 rationem
1389 262 1466 308 ha-

188 335 336 395 bebo,
363 337 578 400 quamdiu
609 337 806 382 modum.
851 337 959 396 Quo
988 336 1096 382 mihi
1128 337 1468 384 innumerabiles

186 408 324 455 libros
342 421 383 454 et
401 409 715 466 bibliothecas,
733 424 918 471 quarum
937 409 1143 456 dominus
1165 409 1240 457 vix
1257 422 1352 456 tota
1372 410 1466 457 vita

186 480 257 528 sua
277 481 443 530 indices
473 481 688 545 perlegit?
730 483 900 527 Onerat
926 480 1161 528 discentem
1192 482 1467 542 turba„n0n
1495 505 1506 516 =

184 554 355 602 instruit
384 573 399 600 τ
436 556 666 618 multoque
699 554 826 601 satius
857 554 919 601 est
956 555 1105 617 paucis
1140 568 1183 601 te
1215 555 1471 601 auffroribus'

182 628 369 686 tradere,
389 644 520 692 quam
541 643 683 674 errare
704 644 782 690 per
802 627 980 674 multOS.
1012 627 1343 690 Quadringenta
1364 628 1465 673 mil-

181 699 240 745 lia
279 700 495 747 librorum
532 700 1078 758 Alexandriae‘arserunt‚
1121 701 1465 762 pulcherrimum

180 771 326 836 regiae
354 773 604 836 opulentiae
623 786 977 821 monumentum.
1005 774 1112 819 alius
1131 773 1390 832 laudaverit9
1409 773 1463 820 fi-

179 857 257 892 cut
285 846 460 906 Livius,
492 846 571 910 qui
613 847 851 909 elegantiae
884 863 1038 911 regum
1072 863 1288 910 curaeque
1331 865 1461 912 egre-

179 918 299 981 gium
321 919 366 966 id
389 937 501 984 opus
524 922 583 968 ait
603 920 740 968 suiffe.
767 922 874 968 Non
901 920 985 968 fuit
1007 921 1216 984 elegantia
1236 921 1339 968 illud
1353 954 1368 977 ,
1388 933 1461 969 aut

175 1007 303 1049 cura,
325 992 395 1039 sed
413 992 597 1041 studiosa
610 993 788 1040 luxuria.
807 993 949 1041 immo
966 1010 1021 1041 ne
1035 993 1223 1041 studiosa
1242 995 1422 1059 quidem
1441 1013 1453 1043 ε

177 1065 388 1127 quoniam
419 1082 512 1113 non
535 1065 581 1113 in
606 1066 815 1125 studium,
842 1066 915 1115 sed
942 1066 987 1113 in
1012 1066 1299 1130 spefflmdum
1329 1085 1457 1116 com-

175 1153 474 1200 paraverunt:
503 1140 608 1187 sicut
633 1140 877 1204 plerisque,
903 1140 1060 1205 ignaris
1089 1140 1216 1187 etiam
1234 1140 1455 1190 servilium

173 1209 398 1260 literarum
415 1245 429 1269 ‚
449 1214 548 1260 libri
573 1231 662 1261 non
687 1214 927 1261 studiorum
950 1213 1248 1271 instrumenta,
1270 1214 1338 1261 sed
1355 1233 1457 1263 coe-

174 1284 406 1332 nationum
434 1298 690 1333 ornamenta
715 1287 827 1334 sunt.
863 1289 1041 1334 Paretur
1068 1286 1212 1350 itaque
1239 1288 1455 1338 librorum

173 1369 385 1420 quantum
406 1359 502 1407 satis
526 1358 604 1419 fit,
624 1360 732 1406 nihil
750 1360 795 1406 in
814 1373 1081 1423 apparatum.
1116 1360 1365 1421 Honestius,
1386 1364 1454 1412 in—

173 1431 300 1494 quis,
333 1432 379 1478 in
411 1433 491 1480 hos
521 1433 758 1496 impensas,
790 1449 920 1495 quam
953 1432 997 1479 in
1029 1434 1260 1480 Corinthia
1292 1436 1450 1499 pictas-

170 1521 259 1568 que
288 1505 451 1552 tabulas
479 1505 723 1554 effuderim.
769 1506 991 1553 Vitiosum
1023 1506 1082 1553 est
1106 1507 1299 1572 ubique,
1329 1512 1451 1574 quod
1479 1536 1490 1553 κ

170 1579 357 1626 nimium
378 1579 451 1627 est.
489 1581 611 1642 Quid
637 1581 769 1628 habes
788 1598 866 1628 cur
884 1581 1080 1645 ignoscas
1107 1583 1278 1630 homini
1303 1602 1449 1633 arma·
1507 1580 1512 1587 ⁸

170 1651 233 1698 ria
259 1654 397 1700 cedro
421 1667 552 1716 atque
578 1655 714 1701 ebore
741 1656 934 1717 aptanti,
955 1673 1144 1718 corpora
1169 1659 1448 1722 conquirenti

168 1737 242 1770 aut
262 1726 518 1797 ignotorum
539 1727 792 1784 auclorum,
820 1743 892 1775 aut
912 1730 1294 1812 improbatorum,
1314 1745 1357 1778 et
1378 1733 1446 1780 in-

168 1808 234 1844 ter
253 1810 319 1845 tot
336 1799 470 1845 millia
489 1789 703 1847 librorum
723 1801 942 1859 oscitanti,
963 1803 1032 1849 cui
1053 1805 1159 1850 volu
1165 1804 1331 1851 minum
1353 1807 1446 1853 suo-

164 1866 263 1918 rum
291 1870 460 1919 frontes
485 1875 675 1920 maxime
695 1875 898 1937 placent,
917 1876 1150 1940 titulique?
1179 1881 1217 1922 A
1224 1879 1311 1939 >ud
1331 1880 1444 1926 defi-

165 1945 426 1994 diofiffimos
448 1965 556 2011 ergo
576 1949 747 1995 videbis
762 1986 775 2007 ‚
796 1950 1010 2014 quidquid
1030 1897 1280 1998 orationtim
1309 1954 1444 2000 histo-

164 2018 415 2083 riarumque
442 2020 502 2066 est
519 2056 532 2077 ‚
556 2032 598 2067 et
616 2022 733 2067 testo
754 2035 879 2070 tenus
906 2022 1121 2070 exstrufflt
1140 2025 1443 2076 loculamenta.

164 2091 251 2138 iam
286 2094 404 2140 enim
440 2094 552 2140 inter
587 2095 804 2142 balnearia
840 2111 885 2144 et
923 2097 1110 2145 thermas
1131 2135 1142 2156 ‚
1178 2099 1443 2150 bibliotheca

163 2181 367 2229 quoque,
395 2179 444 2214 ut
467 2167 752 2215 necessarium
787 2171 944 2217 domus
979 2186 1266 2218 ornamenum
1298 2190 1441 2236 expo-

162 2238 276 2286 litur.
300 2242 573 2305 Ignoscerem
594 2243 747 2305 plane,
767 2244 796 2290 fi
823 2263 846 2292 e
876 2244 1117 2292 studiorum
1150 2246 1283 2294 nimia
1313 2250 1443 2312 cupi-

161 2312 264 2359 dine
292 2314 510 2360 oriretur.
531 2333 646 2362 nunc
674 2315 750 2363 ista
778 2318 1019 2382 exquisita,
1047 2332 1089 2365 et
1115 2336 1214 2366 cum
1237 2321 1445 2386 imagini-

160 2385 241 2431 bus
272 2385 355 2432 suis
387 2387 598 2451 descripta
631 2387 852 2436 sacrorum
889 2407 1022 2453 opera
1054 2390 1362 2455 ingeniorum,
1394 2394 1447 2443 in

161 2453 351 2520 speciem
380 2472 423 2507 et
441 2458 604 2508 cultum
631 2460 847 2524 parietum
869 2475 1197 2527 comparantur.

1080 2529 1119 2575 R
1147 2544 1173 2590 a
