1741 2919
299 183 843 236 CONSOLATto
879 184 981 234 AD
1025 185 1242 233 HELv.
1348 197 1434 250 135

141 310 223 342 nus
247 292 393 343 iacuit.
421 311 513 343 non
536 293 671 358 magis
698 293 819 340 illum
849 306 977 357 putes
1008 292 1238 341 contemni
1262 328 1277 352 ,
1302 308 1439 356 quam

142 384 245 415 cum
269 368 443 417 aedium
462 369 677 417 sacrarum
696 368 847 416 ruinae
866 367 1114 427 calcantur,
1133 382 1242 430 quas
1259 364 1442 431 religio-

141 438 175 488 fi
191 457 330 504 aeque
354 458 405 489 ac
434 440 591 488 stantes
617 440 817 488 adorant.

209 512 337 559 X1V.
367 512 596 576 Quoniam
627 527 732 558 meo
762 511 947 560 nomine
975 510 1086 558 nihil
1111 511 1275 571 habes,
1299 525 1440 559 mater

140 583 355 631 cariffima
371 620 385 643 ‚
412 584 538 648 quod
566 597 609 631 te
635 584 682 632 in
707 583 901 632 infinitas
921 585 1120 634 lacrimas
1145 596 1262 649 agat,
1289 583 1440 648 sequi-

141 670 216 705 tur
247 674 296 706 ut
324 660 473 707 causae
508 674 609 708 tuae
641 675 685 707 te
715 659 951 709 stimulent.
991 661 1100 707 Sunt
1132 671 1278 706 autem
1316 659 1440 706 duae.

140 746 241 777 nam
272 742 347 778 aut
378 731 485 779 illud
512 747 556 780 te
585 746 772 790 movet,
805 733 929 797 quod
959 731 1222 796 praefidium
1253 731 1438 796 aliquod

140 801 306 850 videris
339 804 554 853 amififfe:
584 818 687 862 aut,
720 805 847 869 quod
884 804 1146 851 desiderium
1179 803 1322 867 ipsum
1357 819 1439 867 per

141 876 183 937 se
207 877 296 939 pati
322 895 416 924 non
443 891 583 942 potes.
616 879 743 925 Prior
769 895 869 941 pars
897 877 1006 923 mihi
1036 878 1195 925 leviter
1223 875 1438 940 perstrin-

137 950 281 1013 genda
309 951 385 999 est.
420 953 532 1001 novi
562 952 681 1000 enim
713 953 912 999 animum
940 967 1065 999 tuum
1086 987 1100 1010 ‚
1132 950 1239 998 nihil
1267 951 1314 997 in
1348 950 1436 998 suis

138 1036 315 1086 praeter
342 1024 462 1088 ipsos
486 1037 721 1073 amantem.
753 1023 962 1072 Viderint
984 1023 1082 1070 illae
1110 1035 1297 1083 matres,
1326 1040 1440 1088 quae

137 1098 388 1161 potentiam
413 1099 653 1147 liberorum
681 1098 888 1146 muliebri
913 1098 1178 1162 impotentia
1203 1110 1438 1158 exercent,

135 1188 279 1235 quae,
304 1172 410 1237 quia
441 1173 615 1222 feminis
649 1173 848 1222 honores
878 1190 970 1221 non
1003 1174 1108 1221 licet
1139 1191 1322 1238 gerere,
1356 1191 1437 1239 pet·

136 1243 235 1297 illos
252 1245 506 1293 ambitiosae
523 1246 642 1304 sunt,
662 1263 772 1311 quae
792 1246 1061 1311 patrimonia
1082 1245 1277 1294 filiorum
1296 1262 1340 1295 et
1361 1264 1436 1295 ex-

136 1317 369 1380 hauriunt,
391 1331 434 1366 et
455 1331 659 1382 captant;
679 1335 792 1383 quae
812 1319 1109 1385 eloquentiam
1136 1322 1433 1370 commodan-

137 1392 200 1438 do
219 1392 313 1440 aliis
333 1392 531 1457 fatigant.
559 1394 633 1440 Tu
657 1392 901 1440 liberorum
921 1406 1106 1440 tuorum
1134 1395 1265 1442 bonis
1291 1396 1435 1458 pluri-

137 1481 261 1512 mum
293 1466 443 1531 gavisa
471 1483 545 1526 es,
577 1465 815 1513 minimum
848 1466 956 1514 usa:
986 1479 1032 1514 tu
1065 1467 1316 1516 liberalitati
1344 1485 1433 1516 no-

137 1536 247 1587 strae
271 1538 443 1604 semper
468 1539 714 1604 imposuisti
742 1539 959 1599 modum,
987 1556 1090 1587 cum
1112 1553 1212 1587 tuae
1237 1557 1330 1587 non
1350 1541 1435 1588 im-

137 1627 332 1675 poneres
361 1630 372 1659 :
408 1625 456 1660 tu
491 1611 805 1668 filiafamilias,
840 1611 1136 1675 locupletibus
1177 1612 1280 1660 filiis
1314 1613 1435 1661 ultro

136 1683 393 1732 contulisti:
412 1695 458 1731 tu
479 1683 746 1748 patrimonia
771 1683 920 1732 nostra
949 1683 1007 1732 fic
1034 1683 1366 1746 administrasti,
1385 1699 1436 1735 ut

136 1767 347 1822 tanquam
370 1757 417 1804 in
446 1756 532 1804 tuis
560 1755 804 1816 laborares,
831 1769 1036 1822 tanquam
1062 1757 1214 1805 alienis
1245 1758 1436 1806 abstine-

134 1844 239 1876 res:
267 1841 313 1876 tu
338 1828 500 1894 gratiae
524 1828 731 1888 nostrae,
761 1845 971 1894 tanquam
1002 1829 1152 1878 alienis
1185 1831 1313 1879 rebus
1333 1846 1434 1879 ute-

134 1902 267 1962 reris,
292 1903 528 1968 pepercisti
547 1936 562 1960 ,
582 1915 625 1951 et
643 1920 697 1951 ex
718 1904 967 1952 honoribus
992 1903 1151 1952 nostris
1179 1904 1289 1952 nihil
1316 1906 1370 1952 ad
1387 1917 1433 1952 te

135 1976 215 2024 nisi
244 1977 452 2041 voluptas
475 1993 520 2026 et
553 1978 747 2042 impensa
775 1978 998 2042 pertinuit.
1029 1997 1255 2044 nunquam
1282 1979 1433 2028 indul-

135 2048 284 2111 gentia
303 2049 358 2096 ad
374 2049 609 2097 utilitatem
628 2050 833 2114 respexit.
863 2052 972 2097 Non
991 2063 1119 2115 potes
1137 2051 1284 2117 itaque
1302 2070 1431 2117 erep-

131 2133 184 2168 to
217 2121 314 2170 filio
346 2122 623 2184 desiderare,
656 2141 769 2190 quae
796 2124 1015 2174 incolumi
1048 2142 1276 2191 nunquam
1307 2128 1366 2202 aq
1387 2140 1432 2178 te

134 2196 357 2260 pertinere
375 2197 548 2246 duxisti.

201 2262 306 2309 XV.
329 2262 411 2310 Illo
426 2264 571 2312 omnis
586 2264 834 2313 consolatio
847 2265 958 2313 mihi
974 2266 1192 2315 vertenda
1207 2266 1291 2327 est,
1312 2267 1438 2318 unde

134 2351 239 2384 vera
265 2337 336 2384 vis
362 2338 548 2386 materni
577 2341 751 2390 doloris
776 2342 934 2391 oritur.
959 2344 1059 2406 Ego
1085 2342 1327 2407 complexu
1352 2343 1433 2392 filii

133 2410 339 2458 cariffimi
372 2429 503 2461 careo
521 2449 535 2472 ‚
558 2430 652 2462 non
684 2415 925 2480 conspectu
954 2416 1074 2476 eius,
1104 2433 1200 2464 non
1229 2416 1434 2466 sermone

134 2482 277 2535 fruor.
293 2486 370 2534 ubi
394 2486 456 2535 est
480 2487 577 2547 ille,
595 2504 688 2554 quo
708 2488 806 2539 viso
830 2488 998 2539 tristem
1022 2491 1194 2541 vultum
1215 2490 1443 2557 relaxavi,

1079 2557 1176 2621 .14
