1741 2919
294 140 384 202 296
551 142 599 188 L.
644 141 943 188 ΑΝΝΑΞΙ
991 144 1344 189 SENECAE

286 245 327 293 sa
356 246 516 295 liceat?
551 248 664 309 Quis
684 249 800 295 enim
824 249 1083 312 phrenetico
1113 249 1309 297 medicus
1333 249 1563 299 irascitur?

285 318 382 381 quis
423 318 706 368 febricitantis
741 333 786 368 et
819 338 842 367 a
885 320 1039 385 frigida
1071 321 1312 385 prohibiti,
1342 323 1564 370 maledieta

285 391 332 438 in
365 394 519 439 malam
552 406 718 456 partem
744 393 933 457 accipit?
968 396 1097 443 Hunc
1125 395 1327 444 affeftum
1359 398 1572 446 adversusv

285 481 440 512 omnes
459 466 587 513 habet
606 466 771 528 sapiens
784 503 796 524 ‚
810 484 940 531 quem
959 470 1164 517 adversus
1183 484 1334 534 aegros
1351 472 1448 519 suos
1467 488 1564 519 me-

287 538 431 585 dicuse
449 554 644 601 quorum
663 555 745 586 nec
765 540 1007 595 obscoena,
1029 542 1057 587 fi
1077 543 1274 588 remedio
1293 554 1440 605 egent,
1455 559 1565 590 con-

285 613 494 669 trectare‚
519 612 599 657 nec
627 611 834 674 reliquias
863 627 906 660 et
929 612 1063 660 effusa
1091 614 1249 661 intueri
1283 615 1563 678 dedignatur,

285 701 367 731 nec
387 702 464 747 per
479 683 679 730 furorem
701 684 984 732 saevientium
1011 686 1214 749 excipere
1230 687 1449 735 convicia.
1477 687 1566 734 Scir

284 758 467 821 sapiens,
487 774 642 804 omnes
655 758 737 805 hos
758 758 832 822 qui
851 760 988 823 togati
1002 761 1314 825 purpuratique
1336 761 1563 818 incedunt,

284 836 479 882 valentes
503 834 815 896 coloratosque
838 834 949 881 male
971 835 1098 882 sanos
1113 836 1198 882 effe
1217 854 1226 882 :
1247 853 1358 900 quos
1375 853 1465 883 non
1486 836 1562 882 ali-

283 920 350 955 ter
371 908 514 966 videt,
533 926 664 972 quam
684 924 835 972 aegros
858 909 1207 972 intemperantes.
1229 912 1377 973 Itaque
1397 927 1451 959 ne
1472 910 1564 957 suc·

284 981 428 1029 censet
466 981 641 1044 quidem
662 1016 676 1036 ‚
702 981 731 1026 sl
768 981 875 1044 quid
906 983 951 1029 in
987 983 1149 1030 morbo
1186 983 1447 1046 petulantius
1475 983 1564 1029 ausi

284 1054 380 1102 sunt
403 1053 606 1101 adversus
626 1054 896 1112 medentem,
925 1068 968 1103 et
991 1072 1083 1119 quo
1101 1055 1251 1102 animo
1272 1056 1465 1104 honores
1485 1073 1564 1103 eo-

282 1146 379 1177 rum
413 1128 550 1175 nihilo
578 1127 793 1184 aestimat,
818 1130 976 1175 eodem
1006 1147 1157 1193 parum
1184 1128 1435 1176 honorifice
1468 1128 1562 1177 fac—

280 1215 339 1250 ta.
367 1201 761 1263 Quemadmodum
789 1217 878 1247 non
899 1203 1036 1264 placet
1063 1203 1169 1259 fibi,
1197 1201 1226 1247 si
1246 1201 1363 1248 illum
1392 1202 1563 1248 mendi-

283 1291 359 1321 cus
390 1273 606 1327 coluerit3
629 1289 709 1318 nec
735 1274 1043 1320 contumeliam
1071 1274 1305 1331 iudicabit,
1335 1273 1365 1319 fi
1392 1273 1452 1320 illi
1474 1274 1560 1320 ho·

282 1366 361 1396 mo
399 1348 538 1412 plebis
576 1346 753 1393 ultimae
789 1345 985 1394 salutanti
1022 1360 1217 1394 mutuam
1259 1346 1560 1394 salutationem

283 1440 374 1469 non
398 1421 635 1469 reddiderit
656 1438 666 1466 t
691 1420 747 1466 fic
768 1437 846 1467 nec
865 1421 906 1468 se
930 1421 1129 1484 suspiciet
1152 1420 1328 1484 quidem
1345 1455 1359 1477 ‚
1381 1419 1413 1465 fi
1437 1420 1558 1467 illum

283 1496 408 1542 multi
431 1496 587 1543 divites
607 1495 888 1559 suspexerim.
918 1496 995 1543 scit
1013 1495 1132 1543 enim
1154 1494 1251 1541 illos
1268 1494 1374 1540 nihil
1395 1510 1418 1540 a
1437 1511 1559 1541 men-

283 1569 392 1616 dicis
419 1569 628 1628 differre,
657 1569 797 1615 immo
824 1567 1070 1615 miseriores
1096 1566 1194 1614 effe.
1221 1566 1281 1612 illi
1312 1566 1428 1614 enim
1462 1567 1556 1614 exi-

283 1660 392 1706 guo,
413 1643 456 1690 hi
485 1644 625 1690 multo
644 1655 786 1707 egent.
816 1644 870 1688 Et
894 1642 1061 1689 rursum
1088 1657 1181 1687 non
1203 1653 1432 1703 tangetur,
1452 1640 1482 1686 fi
1506 1640 1560 1686 il-

282 1716 372 1762 lum
399 1734 475 1764 rex
502 1717 769 1771 Medorum,
804 1715 1028 1762 Attalusve
1058 1713 1204 1771 Asiae,
1230 1713 1481 1760 salutantem
1508 1713 1558 1759 si-

282 1789 418 1836 lentio
441 1806 491 1836 ac
520 1790 645 1837 vultu
674 1789 897 1852 arroganti
926 1788 1153 1835 transierit.
1181 1787 1258 1834 scit
1286 1786 1438 1833 statum
1466 1787 1559 1833 eius

282 1878 374 1907 non
394 1861 530 1925 magis
556 1861 714 1908 habere
733 1861 970 1924 quidquam
992 1859 1296 1915 invidendum,
1312 1874 1445 1922 quam
1463 1858 1559 1905 eius

281 1939 354 1986 cui
396 1939 439 1985 in
485 1956 639 2003 magna
685 1938 846 1984 familia
889 1955 990 1985 cura
1023 1938 1181 1999 obtigit
1200 1973 1214 1994 ‚
1252 1950 1405 1999 aegros
1444 1933 1556 1980 insa-

282 2027 450 2075 nosque
483 2011 778 2074 compescere.
827 2014 944 2059 Num
980 2010 1162 2058 moleste
1194 2009 1328 2056 feram
1347 2043 1361 2064 ,
1390 2006 1420 2052 fi
1445 2005 1554 2052 mihi

280 2102 374 2132 non
402 2085 639 2132 reddiderit
665 2103 828 2132 nomen
856 2085 1012 2149 aliquis
1039 2102 1092 2132 ex
1111 2084 1204 2143 his,
1224 2082 1299 2148 qui
1317 2082 1370 2129 ad
1399 2079 1555 2127 Casto-

280 2161 341 2209 ris
359 2162 641 2225 negotiantur
657 2198 670 2220 ‚
693 2178 879 2223 nequam
904 2159 1119 2222 mancipia
1142 2172 1334 2205 ementes
1358 2154 1554 2204 venden-

280 2248 431 2298 tesque
449 2268 461 2289 ‚
476 2252 664 2299 quorum
693 2236 893 2283 tabernae
914 2233 1194 2296 peflimorum
1212 2231 1440 2278 servorum
1460 2243 1553 2274 tur-

280 2308 336 2355 ba
369 2309 552 2358 refertae
579 2309 709 2356 sunt?
735 2326 826 2356 non
842 2344 855 2367 ,
885 2323 934 2354 ut
957 2319 1080 2370 puto.
1103 2304 1208 2369 quid
1238 2301 1354 2350 enim
1377 2301 1412 2348 is
1443 2298 1554 2347 boni

279 2381 438 2438 habet,
466 2383 543 2429 suh
569 2399 661 2446 quo
688 2398 820 2428 nemo
849 2379 925 2426 nisi
951 2379 1091 2426 malus
1119 2376 1217 2425 est?
1246 2378 1363 2439 Ergo
1389 2368 1437 2422 ut
1466 2373 1552 2419 hu-

282 2454 348 2503 ius
374 2455 684 2507 humanitatem
717 2453 1164 2518 inhumanitatemque
1194 2449 1398 2515 negligit,
1430 2447 1489 2496 ita
1508 2456 1551 2495 et
