1741 2919
292 132 352 180 32
486 114 1335 167 VL.ANNAEISENECAE

291 220 438 284 fugam
459 219 614 266 habeat
630 254 644 276 ‚
664 218 728 264 ira
747 219 990 281 impetum?
1011 220 1125 267 Vide
1144 236 1252 282 ergo
1276 237 1331 266 an
1351 232 1478 283 putes
1495 212 1572 268 alie-

288 295 397 358 quid
416 293 503 340 fine
523 292 684 340 affensu
702 293 860 339 mentis
883 305 954 339 aut
972 292 1062 356 peti
1081 293 1203 357 poffe
1217 329 1231 351 ,
1256 305 1329 340 aut
1348 296 1507 342 caveri.

355 372 434 415 IV.
455 371 510 414 Et
527 379 575 414 ut
593 367 699 414 scias
713 402 725 425 ‚
745 368 1121 430 quemadmodum
1143 369 1354 431 incipiant
1373 369 1575 429 affeetus,

289 456 367 490 aut
387 442 581 489 crescant
597 479 610 500 ‚
635 453 707 488 aut
731 441 987 500 efferantur,
1016 443 1077 490 est
1107 444 1275 504 primus
1300 456 1456 491 ‘motus
1483 461 1575 491 non

291 515 573 565 voluntarius
605 514 721 579 quasi
749 516 1027 579 praeparatio
1052 515 1255 570 affefflis,
1295 529 1339 563 et
1364 518 1576 579 quaedam

291 589 603 639 commutatio.
643 589 747 635 alter
775 605 874 635 cum
906 588 1134 636 voluntate
1171 605 1261 635 non
1291 590 1579 648 contumaci,

291 674 501 725 tanquam
523 672 732 724 oporteat
757 676 828 707 me
849 659 1090 718 vindicari,
1110 679 1208 709 cum
1231 662 1363 709 laesus
1383 659 1459 708 {im
1478 680 1488 708 :
1508 674 1580 708 aut

292 746 500 796 oporteat
522 734 638 780 hunc
666 749 830 795 poenas
855 732 984 787 dare,
1013 748 1113 779 cum
1142 733 1273 779 scelus
1302 732 1467 780 fecerit.
1491 747 1580 781 ter—

291 807 381 853 tius
408 818 554 852 motus
582 805 643 853 est
670 806 755 851 iam
788 805 1038 867 impotens,
1074 805 1151 868 qui
1178 821 1298 862 non,
1320 805 1350 850 fi
1371 818 1550 867 oportet
1568 841 1581 864 ,

292 878 442 924 ulcisci
455 878 552 926 vuit
568 896 578 925 :
596 878 667 925 sed
682 879 860 941 utique,
887 877 963 940 qui
982 877 1196 924 rationem
1216 878 1365 925 evicit.
1386 878 1581 924 Primum

294 949 416 997 ilium
444 950 580 996 animi
603 950 737 997 ittam
770 949 962 1014 effugere
990 951 1162 997 ratione
1191 967 1282 997 non
1317 950 1544 1013 poffumus
1568 969 1579 998 ε

292 1024 404 1070 ficut
425 1040 478 1070 ne
497 1022 566 1069 illa
588 1023 766 1087 quidem
784 1059 796 1081 ‚
817 1041 929 1088 quae
947 1023 1139 1070 diximus
1159 1023 1354 1071 accidere
1380 1024 1584 1085 corpori-

293 1096 403 1154 bus,
432 1114 485 1143 ne
519 1114 599 1144 nos
630 1098 834 1144 oscitatio
869 1098 1007 1144 aliena
1041 1098 1264 1154 sollicitet,
1296 1114 1350 1144 ne
1382 1096 1501 1144 oculi
1530 1097 1583 1144 ad

292 1171 628 1219 intentationem
649 1171 832 1217 subitam
852 1171 1092 1234 digitorum
1120 1171 1481 1234 comprimantur.
1505 1170 1585 1216 Ista

294 1264 389 1294 non
425 1245 567 1308 potest
604 1246 719 1293 ratio
747 1245 925 1293 vincere
953 1265 963 1292 :
994 1247 1269 1293 consuetudo
1298 1245 1504 1304 fortasse,
1541 1259 1586 1294 et

294 1318 456 1366 affidua
472 1317 729 1366 observatio
754 1330 973 1365 extenuat.
1000 1321 1118 1367 Alter
1138 1320 1209 1368 ille
1233 1332 1379 1368 motus
1394 1357 1407 1378 ‚
1428 1320 1586 1384 quiiu-

295 1394 419 1442 dicio
445 1393 633 1440 nascitur
650 1429 663 1450 ‚
689 1393 856 1441 iudicio
876 1394 1060 1442 toliitur.

363 1467 420 1510 V.
443 1463 550 1511 Illud
575 1464 813 1511 etiamnum
840 1466 1137 1526 quaerendum
1163 1464 1237 1513 est.
1262 1466 1320 1512 Hi
1347 1466 1425 1530 qui
1446 1466 1587 1531 vulgo

296 1537 495 1585 saeviunt
506 1573 520 1595 ‚
534 1552 578 1584 et
596 1537 800 1601 sanguine
816 1538 1009 1585 humano
1021 1539 1212 1602 gaudent
1230 1575 1242 1597 ,
1263 1556 1316 1585 an
1330 1539 1586 1598 irascantur,

297 1628 400 1658 cum
421 1627 500 1661 eos
520 1612 749 1670 occidunt,
767 1629 790 1657 a
805 1611 962 1674 quibus
983 1630 1064 1660 nec
1080 1625 1346 1675 acceperunt
1363 1614 1588 1673 iniuriam,

298 1701 382 1731 nec
406 1683 614 1747 accepisse
639 1685 681 1731 se
706 1685 952 1732 existimant
974 1704 985 1733 :
1011 1688 1150 1751 qualis
1175 1688 1257 1735 fuit
1286 1687 1589 1752 Apollodorus

300 1768 373 1803 aut
391 1756 592 1804 Phalaris.
620 1759 742 1805 Haec
772 1775 863 1805 non
883 1758 945 1806 est
970 1760 1032 1805 ira
1056 1779 1066 1806 z
1088 1760 1234 1808 feritas
1255 1760 1328 1809 est.
1358 1778 1448 1808 non
1470 1761 1588 1809 enim

301 1830 404 1894 quia
430 1830 603 1893 accepit
631 1829 863 1887 iniuriam,
896 1844 1057 1879 nocet:
1086 1834 1158 1880 sed
1190 1846 1335 1896 parata
1364 1833 1452 1891 est,
1485 1835 1589 1881 dum

300 1915 460 1949 noceat
473 1938 487 1958 ,
516 1903 589 1949 vel
608 1902 820 1965 accipere.
836 1919 915 1951 nec
935 1904 997 1950 illi
1015 1906 1200 1953 verbera
1214 1906 1589 1970 lacerationesque

301 1976 348 2023 in
365 1975 577 2022 ultionem
598 1989 827 2038 petuntur,
847 1978 917 2024 std
939 1978 981 2023 in
1002 1979 1289 2042 voluptatem.
1308 1980 1435 2039 Quid
1454 1978 1595 2043 ergo?

303 2050 450 2113 Origo
468 2050 595 2096 huius
617 2049 719 2096 mali
744 2051 798 2096 ab
819 2049 882 2096 ira
902 2051 988 2098 est:
1007 2069 1118 2115 quae
1137 2052 1212 2098 ubi
1229 2052 1447 2116 frequenti
1463 2068 1592 2100 exer-

306 2123 517 2171 citatione
536 2135 579 2169 et
597 2123 787 2169 satietate
807 2122 852 2169 in
869 2124 1146 2172 oblivionem
1168 2125 1422 2172 clementiae
1440 2124 1564 2171 venit
1577 2158 1592 2184 ,

303 2207 350 2244 et
368 2212 503 2243 omne
523 2196 680 2244 foedus
697 2196 936 2243 humanum
962 2197 1089 2244 eiecit
1105 2197 1253 2243 animo
1266 2233 1279 2254 ‚
1298 2196 1530 2245 noviffime
1547 2197 1594 2243 in

306 2268 610 2316 crudelitatem
642 2266 804 2314 tranfit.
828 2268 990 2315 Rident
1019 2270 1193 2332 itaque,
1215 2270 1521 2332 gaudentque,
1550 2280 1595 2316 et

309 2340 539 2403 ,voluptate
559 2340 697 2388 multa
714 2339 1025 2402 perfruuntur,
1046 2341 1372 2405 plurimumque
1390 2342 1443 2387 ab
1461 2342 1594 2388 irato-

309 2431 410 2464 tum
429 2414 556 2467 vultu
570 2413 740 2476 absunt,
761 2432 840 2480 per
857 2416 997 2467 otium
1009 2416 1142 2467 saevi.
1168 2416 1455 2467 Hannibalem
1473 2416 1593 2466 aiunt
