1741 2919
240 176 251 181 ’ν
315 156 364 206 L,
394 158 540 205 ΑΝΝ,
567 157 836 204 SENECAE
862 156 947 203 DE
978 157 1082 203 {RA
1107 158 1155 204 L.
1177 154 1247 204 ΠΙ.
1345 156 1402 222 ες

116 265 380 329 capiendum
399 266 496 313 erit.
515 264 750 326 Quosdam
771 264 886 310 enim
908 281 1057 326 preces
1074 263 1261 312 vincunt
1280 279 1291 312 e
1311 265 1410 330 qui-

115 340 220 385 dam
238 339 461 397 insultant,
478 336 723 400 instantque
743 335 967 382 submiffis.
984 337 1216 396 Quosdam
1237 350 1411 386 terren-

115 412 179 458 do
215 411 486 476 placabimus
515 428 527 457 z
559 410 669 456 alios
701 408 986 472 obiurgatio,
1017 410 1126 456 alios
1156 411 1370 459 confeffio
1396 426 1414 473 2·

118 485 228 532 alios
250 486 396 548 pudor
414 497 579 547 coepto
593 482 779 530 deiecit:
799 483 907 529 alios
925 500 1052 530 mora
1066 516 1079 538 ,
1101 484 1267 531 lentum
1284 503 1416 550 prae·-

118 560 265 622 cipitis
293 559 396 606 mali
429 558 676 606 remedium
698 592 711 615 ‚
744 558 797 604 ad
820 559 943 621 quod
977 558 1210 607 noviffime
1235 561 1418 609 descen-

120 634 314 681 dendum
351 631 426 680 est.
459 631 609 678 Ceteri
644 632 762 678 enim
801 631 976 679 afficitis
1010 632 1264 679 dilationem
1302 635 1419 681 reci-

118 707 267 770 pium,
293 721 336 753 et
356 704 498 752 curari
525 704 687 750 tardius
711 703 912 767 poffimt:
935 703 1062 751 huius
1087 704 1264 752 incitata
1279 741 1292 764 ‚
1314 719 1358 753 et
1373 706 1417 754 se

121 780 257 842 ipsam
279 777 454 840 rapiens
473 776 690 822 violentia
705 812 718 834 ,
749 793 840 822 non
864 775 1070 838 paulatim
1097 779 1324 839 procedit,
1344 778 1419 828 sed

121 853 227 899 dum
258 851 441 914 incipit,
470 861 565 896 tota
595 849 670 896 est.
704 851 800 897 Nec
828 850 1015 896 aliorum
1043 867 1170 898 more
1199 851 1420 902 ,vitiorum

119 927 309 975 solicitat
332 926 502 972 animos
518 958 532 980 ‚
553 925 625 972 sed
649 924 858 971 abducit:
879 936 922 971 et
942 924 1212 987 impotentes
1230 927 1314 983 sui,
1342 946 1421 976 cu-

123 1004 346 1067 pidosque
370 1001 443 1049 vel
471 999 722 1048 communis
758 999 889 1057 mali,
922 1000 1146 1064 exagitate,
1181 1018 1260 1049 nec
1293 1003 1336 1049 in
1371 1021 1423 1052 ea

123 1089 320 1134 tantum,
341 1076 386 1122 in
404 1093 515 1140 quae
537 1072 798 1132 destinavit,
820 1075 889 1120 sed
909 1075 953 1119 in
975 1076 1255 1122 occurrentia
1276 1078 1422 1126 obiter

124 1149 244 1196 furit.
267 1150 429 1197 Cetera
452 1149 561 1196 vitia
587 1147 818 1211 impellunt
839 1147 1011 1193 animos
1031 1166 1041 1194 z
1074 1148 1135 1195 ira
1152 1151 1425 1214 praecipitat.

125 1224 297 1271 Ceteris
324 1222 489 1270 etiamsi
512 1220 705 1269 refistere
731 1232 886 1267 contra
912 1220 1091 1267 affeetus
1122 1222 1222 1268 suos
1248 1239 1338 1269 non
1365 1224 1424 1271 lia

127 1308 220 1354 cet,
234 1310 278 1346 at
298 1309 415 1344 certe
435 1295 658 1343 affefflbus
675 1292 775 1357 ipsis
793 1293 896 1340 licet
911 1293 1020 1340 stare
1038 1313 1048 1340 :
1067 1296 1174 1343 haec
1193 1313 1284 1342 non
1302 1297 1426 1345 secus

128 1387 259 1434 quam
281 1369 466 1417 fulmina
488 1367 824 1432 procellaeque,
858 1380 900 1412 et
922 1366 953 1412 fi
979 1383 1066 1430 qua
1094 1367 1173 1413 alia
1194 1368 1425 1418 irrevoca-

127 1443 230 1492 bilia
247 1443 361 1508 siint,
379 1444 480 1507 quia
501 1459 595 1489 non
614 1454 741 1498 eunt,
757 1441 829 1488 sed
847 1442 1022 1500 cadunt,
1036 1440 1131 1487 vim
1151 1442 1268 1489 suam
1289 1446 1428 1509 magis

128 1534 180 1565 ac
203 1517 339 1580 magis
360 1517 513 1564 tendit.
541 1516 640 1563 Alia
660 1515 767 1563 vitia
790 1532 812 1561 a
837 1517 1008 1562 ratione
1028 1551 1042 1573 ‚
1063 1516 1171 1562 haec
1201 1533 1224 1562 a
1250 1517 1428 1567 sanitate

128 1591 338 1638 desciscit.
369 1591 450 1638 alia
479 1589 669 1638 accessus
698 1588 818 1636 lenes
851 1590 1012 1635 habent
1033 1624 1050 1646 ,
1079 1602 1123 1634 et
1154 1590 1429 1640 incrementa
1458 1638 1461 1641 .

129 1664 323 1712 fallentia
341 1683 353 1712 :
373 1665 542 1711 initam
563 1664 756 1712 deiectus
775 1664 1027 1709 animorum
1043 1662 1116 1709 est.
1130 1664 1262 1710 Nulla
1280 1665 1429 1729 itaque

131 1755 202 1787 res
230 1750 357 1802 urget
382 1739 520 1802 magis
543 1739 726 1785 attonita
743 1769 758 1793 a
784 1749 826 1783 et
848 1738 892 1782 in
919 1737 1033 1783 vires
1065 1737 1157 1784 suas
1178 1754 1346 1800 prona3
1384 1753 1431 1789 et

132 1812 223 1859 five
252 1812 449 1859 succeffit
468 1847 483 1869 ‚
511 1812 696 1873 superba
719 1829 730 1866 ;
759 1812 847 1859 five
881 1810 1137 1868 frustratur,
1157 1811 1304 1858 insana
1330 1831 1340 1859 :
1375 1832 1432 1863 ne

131 1884 303 1948 repulsa
339 1883 522 1946 quidem
560 1883 604 1929 in
628 1884 837 1931 ¹taedium
874 1884 996 1937 acia,
1025 1884 1100 1930 ubi
1133 1884 1430 1934 adversarium

133 1959 311 2008 fortuna
342 1959 578 2019 subduxit,
611 1959 657 2006 in
691 1960 732 2006 se
764 1959 900 2021 ipsam
932 1958 1105 2005 morsus
1131 1957 1233 2005 suos
1260 1960 1429 2007 vertitz

134 2051 216 2083 nec
235 2034 372 2083 refert
391 2072 400 2085 ,
421 2049 634 2098 quantum
661 2034 711 2080 fit
731 2051 785 2080 ex
803 2050 895 2097 quo
914 2033 1160 2081 surrexerit.
1181 2035 1249 2080 Ex
1268 2033 1433 2081 leviffi-

134 2111 219 2158 mis
237 2110 357 2157 enim
378 2109 423 2156 in
445 2108 636 2155 maxima
658 2107 824 2155 evadit.

202 2187 252 2232 11.
287 2183 464 2231 Nullam
491 2182 641 2229 transit
668 2193 852 2229 aetatem
874 2179 1073 2227 :nullum
1101 2178 1335 2227 hominum
1356 2199 1437 2245 ge-

139 2274 219 2306 nus
246 2257 423 2319 excipit.
449 2256 682 2317 Quaedam
711 2267 859 2319 gentes
882 2253 1100 2302 beneficio
1121 2254 1316 2317 egzstatis
1342 2273 1436 2304 non

139 2345 310 2378 novere
331 2329 560 2376 luxuriam.
592 2330 807 2392 quaedam
823 2360 838 2379 ,
872 2327 975 2391 quia
997 2327 1208 2373 exercitae
1229 2340 1273 2372 et
1298 2345 1437 2391 vagae

139 2403 237 2451 sunt
251 2437 265 2461 ,
292 2400 486 2464 effugere
507 2401 744 2464 pigritiam,
763 2400 923 2462 quibus
951 2399 1140 2445 incultus
1160 2415 1258 2446 mes
1275 2436 1288 2455 ‚
1308 2417 1437 2462 agre-a

139 2476 212 2526 stis
231 2477 324 2523 vita
354 2475 443 2533 est,
474 2474 824 2539 circumscriptio
845 2473 1000 2539 ignota
1029 2470 1120 2532 est,
1153 2486 1196 2517 et
1221 2474 1337 2522 {iaus
1353 2510 1367 2536 9
1392 2489 1436 2523 et

204 2543 253 2590 L.
274 2544 401 2588 Arm,
430 2545 599 2592 Seneca.
630 2544 726 2589 Vol.
747 2541 785 2586 I⁶
1141 2539 1179 2584 E
