1741 2919
311 165 404 199 112
549 151 599 199 L.
649 148 947 197 ANNAEI
1001 146 1357 204 SENECAE

305 258 393 305 Sed
411 269 459 304 tu
478 273 645 320 perque
673 256 826 304 iocum
849 256 958 304 dicis
977 256 1249 320 vinumque,
1274 255 1381 320 quid
1401 254 1455 302 ad
1471 270 1564 303 rem
1577 263 1600 316 3

373 329 417 374 Si
438 329 643 391 plorem?
677 328 785 375 risus
809 329 839 374 fi
861 342 960 376 tuus
978 328 1053 375 ista
1073 328 1211 375 facit?

306 405 460 465 Quare
482 403 587 450 tolle
606 403 733 451 iocos
751 439 765 462 ‚
795 420 889 450 non
911 404 972 451 est
997 404 1125 450 iocus
1147 403 1233 450 effe
1258 399 1514 465 malignum.

371 477 615 541 Nunquam
642 477 741 527 sunt
761 478 896 542 grati,
916 477 992 542 qui
1014 494 1208 525 nocuere
1227 475 1346 523 sales.

339 593 419 640 VI.
677 605 779 639 AD
849 605 1248 640 AMICUM.

307 702 490 767 Crispe,
519 720 643 752 meae
672 703 820 760 vires,
841 703 1132 768 lassarumque
1155 720 1319 751 ancora
1342 716 1520 751 rerumz

374 777 528 842 Crispe
554 779 624 824 vel
650 778 832 842 antiquo
859 776 1171 839 conspiciende
1192 776 1325 837 foro-t

308 848 463 912 Crispe
486 863 644 912 potens
668 866 891 914 nunquam
907 885 920 906 ‚
946 848 1024 895 nisa
1043 865 1141 895 cum
1165 847 1369 911 prodesse
1387 848 1568 898 volebas
1587 863 1599 896 ε

374 923 619 988 Naufragio
638 924 760 982 litus,
779 936 957 987 tutaque
976 936 1089 969 terra
1109 939 1225 969 meo.

304 993 432 1040 Solus
461 995 611 1041 honor
637 995 765 1042 nobis
780 1030 794 1053 ‚
814 1011 891 1041 arx
909 1007 953 1042 et
970 994 1178 1041 tutiffima
1197 993 1324 1041 nobis
1344 1011 1355 1040 ε

374 1070 429 1113 Et
453 1083 570 1114 nunc
591 1067 753 1114 afflisto
776 1067 863 1115 sola
891 1069 1013 1132 quies
1034 1069 1198 1115 animo.

311 1141 469 1204 Crispe
483 1178 497 1199 ‚
517 1141 625 1189 fides
645 1143 784 1190 dulcis
797 1175 810 1197 ,
833 1142 1083 1206 placidique
1103 1143 1314 1190 acerrima
1333 1141 1471 1190 virtus
1487 1177 1502 1201 ‚

369 1215 510 1262 Cuius
529 1216 756 1278 Cecropio
779 1217 953 1278 pefiora
973 1216 1100 1263 melle
1119 1217 1311 1264 madenr.

305 1286 500 1333 Maxima
524 1286 720 1334 facundo
748 1289 820 1335 vel
842 1305 956 1344 aVO,
978 1289 1051 1336 vel
1077 1289 1216 1352 gloria
1234 1289 1372 1353 patric

375 1362 485 1421 Quo
509 1360 606 1406 solo
628 1374 770 1408 careat
784 1397 797 1417 ,
825 1361 854 1408 fi
874 1363 972 1425 quis
994 1363 1039 1408 in
1060 1363 1211 1410 exfilio
1229 1363 1306 1410 est.

309 1436 368 1482 At
389 1452 487 1483 mea
510 1437 741 1500 Cymaeae
774 1435 883 1483 saxis
906 1437 1070 1485 telluris
1089 1440 1331 1486 adhaerens

374 1512 504 1557 Mens
527 1525 677 1557 tecum
700 1510 785 1569 est,
806 1511 924 1557 nulla
952 1529 1065 1576 quae
1091 1513 1325 1560 cohibetur
1350 1512 1504 1559 humo.

341 1617 439 1663 VH.
515 1625 588 1662 DE
624 1627 1011 1672 QUALITATE
1046 1623 1406 1665 TEMPORIS.

309 1718 477 1771 Omnia
493 1735 668 1788 tempus
685 1725 795 1772 edax
819 1726 1090 1789 depascitur,
1114 1728 1269 1775 omnia
1288 1723 1454 1789 carpit,

375 1797 544 1844 Omnia
564 1797 661 1844 sede
680 1810 857 1858 movet,
877 1800 940 1846 nil
959 1799 1058 1847 finit
1076 1800 1164 1848 effe
1185 1800 1274 1847 diu.

313 1870 515 1918 Flumina
536 1871 772 1928 deficiunt,
796 1873 1040 1937 profugum
1069 1890 1189 1920 mare
1215 1874 1344 1921 litora
1364 1870 1520 1926 siccat,

379 1944 615 1992 Subfidunt
636 1958 812 1992 montes
829 1981 843 2005 ‚
866 1958 909 1992 et
930 1947 1031 2010 iuga
1050 1946 1159 1993 celsa
1177 1959 1322 1993 ruunt.

311 2021 437 2083 Quid
456 2031 545 2066 tam
567 2036 705 2083 parva
726 2020 923 2084 loquor?
943 2021 1085 2068 moles
1105 2018 1401 2084 pulcherrima
1415 2013 1531 2065 coeli.

383 2092 564 2139 Ardebit
591 2091 782 2140 flammis
809 2105 904 2140 tota
928 2105 1110 2156 repente
1135 2093 1231 2141 suis.

311 2167 481 2214 Omnia
505 2181 627 2212 mors
650 2165 806 2228 poscit.
828 2168 918 2212 Lex
937 2166 1024 2224 est,
1050 2182 1141 2212 non
1163 2163 1510 2228 poena5perire0

374 2239 467 2287 Hic
493 2238 642 2303 aliquo
667 2238 857 2286 mundus
882 2251 1085 2302 tempore
1115 2238 1257 2286 nullus
1282 2238 1380 2289 erit,

345 2351 461 2395 VIII.
786 2358 822 2394 v
858 2363 891 2396 0
927 2363 959 2396 Τ
995 2363 1029 2396 U
1065 2363 1123 2396 M.

314 2454 384 2504 Sic
409 2452 519 2502 mihi
542 2450 591 2502 fit
616 2455 779 2517 frat-er,
801 2454 1061 2519 maiorque,
1088 2454 1358 2520 minorque,
1374 2452 1607 2520 superstes,
