1741 2919
299 133 371 204 44·
529 112 611 191 ¹1„
652 145 958 192 ANNAEI
998 146 1354 194 §artemia

296 262 481 313 agentes.
506 253 564 298 Et
593 252 708 314 apud
737 253 903 300 iudices
923 253 1096 317 itaque,
1122 267 1164 302 et
1191 255 1237 302 in
1261 254 1481 303 concione
1498 289 1512 312 ,
1535 270 1580 303 et

297 325 547 387 ubicunque
566 325 693 371 alieni
714 326 849 372 animi
870 328 925 373 ad
951 326 1148 374 nostrum
1177 329 1403 375 arbitrium
1423 329 1580 392 agendi

296 394 391 440 sunt
412 431 425 453 ,
453 397 592 443 modo
612 397 720 442 iram
735 432 748 455 ‚
777 399 916 444 modo
936 411 1100 446 metum
1116 436 1130 458 ,
1164 401 1303 446 modo
1330 400 1579 447 misericor-

296 468 412 513 diam
428 504 440 525 ‚
460 482 507 514 ut
526 469 619 516 aliis
640 469 902 517 incutiamus
916 501 942 528 ,·
957 472 1033 534 ipsi
1054 472 1347 520 fimulabimus
1365 491 1376 520 :
1396 485 1439 520 et
1457 474 1580 536 saepe

294 539 339 585 id
367 541 487 602 quod
508 541 604 589 veri
626 541 805 590 affectus
827 561 917 591 non
940 544 1178 592 effecissent
1195 582 1207 603 ,
1228 545 1372 593 effecit
1391 546 1579 592 imitatio

294 613 542 661 affectuum.
580 617 826 679 Languidus
847 654 860 674 ‚
885 617 1029 682 inquit
1045 652 1060 676 ,
1096 619 1266 667 animus
1293 620 1384 678 est,
1409 619 1487 683 qui
1517 619 1580 666 ira

295 702 425 734 caret.
446 690 614 735 Verum
634 689 717 748 est,
737 690 767 736 fi
791 690 898 738 nihil
917 693 1047 739 habet
1064 693 1126 739 ira
1144 692 1373 740 valentius,
1399 694 1494 740 Nec
1515 692 1579 738 la·-

295 776 470 808 tronem
502 775 680 826 oportet
697 765 812 821 effe,
845 782 926 813 nec
949 766 1182 829 praedam;
1215 782 1297 812 nec
1328 765 1580 812 misericor-

293 834 394 880 dem
409 869 421 892 ,
438 852 519 882 nec
538 837 776 900 crudelem.
797 838 912 886 Illius
932 839 1060 885 nimis
1080 838 1223 885 mollis
1241 837 1433 895 animus,
1451 837 1583 883 huius

293 906 425 953 nimis
465 908 597 955 durus
629 908 703 956 est.
724 912 1017 974 Temperatus
1045 911 1094 958 fit
1122 911 1290 974 sapiens
1320 928 1332 956 :
1369 921 1411 956 et
1435 910 1489 956 ad
1512 925 1580 957 res

295 980 453 1027 fortius
479 985 669 1045 agendas
697 1001 788 1031 non
812 985 946 1044 iram,
980 986 1055 1033 sed
1085 985 1179 1032 vim
1199 985 1416 1031 adhibeat.

361 1055 528 1102 XVIII.
553 1057 781 1116 Quoniam
807 1075 919 1122 quae
943 1059 997 1105 de
1015 1058 1077 1105 ira
1105 1071 1397 1122 quaeruntur,
1426 1057 1581 1104 tracta-

296 1126 443 1174 vimus
458 1162 470 1185 ,
493 1128 754 1176 accedamus
772 1132 825 1178 ad
846 1131 1040 1179 remedia
1064 1132 1173 1178 eius.
1203 1132 1315 1178 Duo
1345 1145 1513 1188 autem,
1534 1142 1582 1177 ut

297 1200 490 1262 opinor,
529 1200 657 1249 sunt:
690 1220 744 1252 ne
779 1204 1022 1253 incidamus
1046 1205 1091 1252 in
1121 1206 1262 1262 iram,
1292 1216 1335 1253 et
1356 1222 1412 1252 ne
1440 1205 1487 1251 in
1519 1205 1581 1250 ira

296 1288 546 1333 peccemus.
562 1276 625 1320 Ut
645 1274 690 1320 in
711 1292 954 1339 corporum
975 1295 1078 1326 cura
1097 1315 1111 1337 ‚
1133 1279 1216 1326 alia
1242 1280 1296 1326 de
1318 1278 1479 1325 tuenda
1504 1293 1583 1324 va·-

293 1347 487 1394 letudine
501 1384 515 1407 ‚
544 1348 626 1395 alia
645 1350 698 1397 de
716 1349 979 1398 restituenda
992 1387 1006 1410 ,
1029 1363 1261 1415 praecepta
1279 1351 1376 1398 sunt
1395 1369 1405 1397 ε
1429 1351 1488 1398 ita
1505 1348 1582 1395 ali-

295 1432 364 1468 ter
396 1421 505 1468 iram
537 1422 746 1471 debemus
778 1424 1014 1487 repellere,
1041 1425 1162 1473 aliter
1198 1424 1505 1488 compescere,
1534 1432 1583 1469 ut

296 1494 544 1544 vincamus.
571 1497 801 1557 Quaedam
821 1499 874 1544 ad
891 1498 1144 1546 universam
1163 1499 1301 1545 vitam
1323 1496 1582 1560 pertinentia

293 1567 652 1631 praecipientur:
685 1586 733 1616 ea
766 1570 812 1616 in
847 1571 1187 1627 educationem,
1215 1581 1258 1616 et
1290 1569 1335 1615 in
1361 1567 1581 1631 sequentia

295 1651 499 1702 tempora
520 1641 786 1690 dividentur.
802 1644 1018 1690 Educatio
1033 1643 1265 1690 maximam
1281 1641 1550 1705 diligentiam
1565 1673 1580 1695 ‚

293 1712 621 1777 plurimumque
640 1716 916 1778 profuturam
940 1717 1164 1764 desiderat.
1193 1716 1318 1763 facile
1339 1714 1401 1762 est
1427 1713 1545 1761 enim
1566 1749 1582 1772 ‚

294 1798 471 1834 teneros
498 1789 641 1836 adhuc
670 1789 841 1837 animos
872 1807 1146 1853 componere
1171 1808 1182 1837 ι
1210 1789 1445 1837 difficulter
1470 1788 1583 1836 reci-

295 1860 460 1906 duntur
488 1859 624 1919 vitia,
652 1878 762 1925 quae
795 1863 1022 1910 nobiscum
1062 1877 1312 1911 creverunt.
1349 1864 1582 1924 Opportu-

295 1932 468 1980 niflima
487 1934 543 1980 ad
560 1933 831 1983 iracundiam
853 1935 1016 1985 fervidi
1047 1936 1180 1983 animi
1202 1947 1349 1981 natura
1375 1933 1450 1983 est.
1479 1950 1580 1980 nam

297 2024 399 2053 cum
419 2007 631 2055 elementa
648 2008 730 2055 fint
755 2025 945 2073 quatuor
962 2046 975 2068 ,
989 2010 1101 2074 ignis
1115 2045 1128 2068 ‚
1147 2025 1281 2073 aqua,
1306 2010 1379 2055 ae'r
1393 2045 1408 2065 ,
1431 2019 1475 2055 et
1491 2021 1579 2054 ter-
1604 2074 1607 2075 V

295 2096 343 2126 ra
362 2097 373 2127 :
395 2081 626 2142 potestates
646 2099 768 2146 pares
787 2084 854 2132 his
873 2084 991 2140 sunt,
1012 2082 1197 2147 frigida,
1219 2081 1419 2139 fervida,
1438 2080 1580 2138 arida,

296 2165 429 2216 atque
455 2153 645 2201 humida.
664 2157 718 2202 Et
739 2155 941 2203 locorum
963 2157 1113 2219 itaque
1129 2192 1143 2213 ‚
1165 2167 1207 2203 et
1226 2154 1478 2214 animalium
1492 2188 1506 2211 ,
1536 2167 1580 2200 et

296 2244 540 2292 corporum
556 2265 570 2288 ‚
590 2244 634 2277 et
653 2247 832 2277 morum
850 2231 1079 2279 varietates
1095 2265 1107 2288 ‚
1130 2229 1318 2276 mixtura
1338 2229 1581 2275 elemento-

297 2317 395 2348 rum
418 2303 548 2361 facit,
579 2318 622 2351 et
654 2303 840 2366 proinde
878 2304 922 2350 in
952 2303 1120 2367 aliquos
1152 2301 1290 2366 magis
1319 2301 1580 2348 incumbunt

297 2375 496 2438 ingenia,
526 2388 659 2443 prout
687 2376 863 2423 alicuius
884 2375 1089 2434 elementi
1121 2376 1264 2422 maior
1290 2374 1356 2422 vis
1387 2374 1579 2420 abunda·-

296 2447 376 2492 vit.
401 2448 503 2494 Inde
521 2448 729 2510 quasdam
757 2448 955 2495 humidas
983 2464 1196 2497 vocamus
1215 2483 1230 2507 ‚
1255 2448 1482 2511 aridasque
1504 2462 1576 2492 reo
