1741 2919
298 168 757 219 CONSOLATIO
794 167 881 214 AD
916 164 1262 213 MARCIAM.
1341 179 1428 228 197¹

140 277 222 329 tibi
247 276 412 324 familia
441 276 546 324 duas
574 274 803 324 Cornelias
832 273 962 321 dabo.
990 272 1183 319 Primam
1213 269 1432 334 Scipionis

142 352 279 399 filiam
297 387 311 410 ‚
339 352 647 399 Gracchorum
674 362 879 397 matrem..
898 345 1134 397 duodecim
1159 346 1227 394 illa
1253 357 1431 409 partus,

142 425 329 473 totidem
355 423 580 471 funeribus
597 424 877 486 recognovit.
896 436 939 470 et
957 422 1010 469 de
1033 421 1186 469 ceteris
1204 419 1328 467 facile
1350 418 1435 475 est,

144 515 258 564 quos
276 515 359 545 nec
387 498 530 545 editos
544 533 559 556 ,
578 514 658 544 nec
680 496 859 544 amiffos
879 497 1033 545 civitas
1048 494 1184 543 sensit.
1199 493 1272 542 Ti,
1292 496 1434 543 Grac-

143 573 304 628 chum,
332 584 375 619 et
399 572 580 629 Caium,
599 589 713 634 quos
732 571 864 619 etiam
893 572 968 636 qui
989 572 1134 618 bonos
1157 569 1285 617 viros.
1300 585 1434 632 nega-

143 646 287 703 verit,
320 662 504 710 magnos
540 644 747 692 fatebitur
768 680 781 702 5
821 656 864 691 et
892 644 1064 692 occisos
1096 643 1211 691 vidit
1246 653 1289 688 et
1323 640 1436 687 inse-

144 719 303 781 pultos.
332 719 660 767 consolantibus
687 731 834 765 tamen
853 718 1142 782 miseramque
1167 715 1438 775 dicentibus,

144 791 416 855 Nunquam,
451 792 634 854 inquit,
666 807 758 837 non
794 790 967 838 felicem
1005 808 1076 838 me
1111 790 1286 848 dicam,
1324 805 1437 852 quae

142 865 372 912 Gracchos
401 865 569 928 peperi,
597 864 808 912 Cornelia
836 864 1012 912 Livium
1042 864 1268 919 Drusum,
1293 863 1437 911 claris-

141 934 295 981 fimum
332 936 546 984 iuvenem
573 972 588 994 ,
620 936 795 983 illustris
833 936 1040 1000 ingenii,
1081 936 1319 985 vadentem
1359 951 1436 998 per

145 1009 400 1059 Gracchana
413 1009 594 1073 vestigia
609 1047 623 1069 ‚
642 1009 910 1073 imperfectis
939 1024 1008 1059 tot
1024 1011 1329 1074 rogationibus
1343 1045 1356 1066 ,
1375 1010 1438 1055 in-

142 1093 207 1128 tra
233 1094 407 1144 penates
438 1083 722 1132 interemtum
747 1083 850 1130 suos
880 1083 1109 1143 amiserat,
1138 1084 1312 1131 incerto
1341 1099 1438 1129 cae-

143 1157 213 1204 dis
238 1158 442 1204 auetore:
463 1169 609 1205 tamen
628 1172 671 1206 et
699 1159 903 1206 acerbam
922 1171 1114 1208 mortem
1136 1157 1243 1214 filii,
1264 1171 1307 1205 et
1325 1159 1439 1205 inula

142 1245 261 1288 tam,
290 1243 382 1278 tam
408 1248 573 1296 magno
601 1232 750 1279 animo
781 1233 879 1278 tulit
897 1267 910 1288 ‚
935 1249 1068 1295 qua-m
1100 1232 1192 1294 ipse
1222 1232 1336 1295 leges
1370 1245 1440 1278 tu-

142 1303 263 1350 lerat.
287 1306 379 1350 Iam
403 1322 505 1354 cum
525 1304 706 1352 fortuna
724 1306 769 1352 in
794 1302 1222 1370 gratiam'‚'Marcia‚
1240 1319 1439 1352 reverte-

142 1373 202 1432 ris
215 1409 228 1431 ‚
247 1373 277 1420 fi
296 1375 378 1421 tela
393 1411 405 1433 ‚
422 1391 536 1438 quae
555 1377 602 1423 in
621 1377 855 1439 Scipiones
868 1412 881 1434 ,
900 1376 1252 1440 Scipionumque
1279 1388 1448 1423 matres.

144 1463 195 1494 ac
218 1446 339 1494 ,filios
365 1447 536 1511 exegit,
566 1449 725 1512 quibus
755 1449 960 1496 Caesares
981 1448 1137 1511 petiit,
1159 1465 1214 1496 ne
1233 1465 1257 1495 a
1279 1463 1321 1496 te
1340 1449 1442 1513 qui-

146 1520 248 1567 dem
268 1520 500 1568 continuit.
520 1520 652 1568 Plena
673 1535 718 1569 et
735 1521 890 1568 infesta
907 1522 1039 1569 variis
1053 1521 1220 1570 casibus
1238 1523 1329 1570 vita
1349 1522 1409 1569 est
1426 1542 1445 1571 :.

145 1585 172 1639 a
194 1592 352 1656 quibus
371 1593 480 1639 nulli
504 1593 636 1657 longa
656 1611 768 1656 pax„
791 1594 870 1641 vix
889 1594 1088 1642 induciae
1105 1595 1217 1642 sunt.
1233 1597 1441 1657 Quatuor

144 1663 307 1712 liberos
325 1665 548 1731 sustuleras
562 1703 575 1724 ‚
596 1666 777 1714 Marcia„
807 1658 975 1714 tiullum
996 1668 1118 1715 aiunt
1136 1667 1292 1715 frustra
1310 1669 1440 1715 cade-

147 1755 194 1785 re
220 1739 384 1796 telum,
416 1741 541 1803 quod
569 1741 617 1787 in
636 1740 884 1788 confertum
916 1758 1074 1805 agmen
1099 1741 1337 1788 immissum
1365 1742 1446 1789 est,

151 1812 316 1858 Mirum
342 1811 404 1858 est
421 1847 436 1870 ,
456 1824 620 1859 tantam
646 1814 820 1861 turbam
842 1831 933 1861 non
959 1815 1149 1877 potuiffe
1169 1814 1256 1861 fine
1273 1815 1440 1862 invidia

150 1887 375 1933 damnove
395 1887 704 1949 praetervehi?
729 1892 786 1934 At
807 1889 895 1934 hoc
914 1887 1112 1950 iniquior
1131 1887 1307 1935 fortuna
1329 1889 1439 1947 fuit,

150 1960 274 2024 quod
293 1976 385 2008 non
410 1972 577 2008 tantum
598 1961 714 2009 fiiios
740 1962 898 2025 eripuit
916 1998 928 2019 ‚
947 1961 1019 2008 sed
1035 1962 1179 2026 elegit,
1201 1963 1440 2026 Nunquam

151 2048 301 2081 tamen
328 2033 534 2082 iniuriam
567 2035 729 2082 dixeris
747 2071 760 2093 ‚
790 2053 847 2082 ex
877 2052 1022 2098 aequo
1051 2053 1151 2082 cum
1186 2036 1440 2099 potentiore

150 2107 349 2157 dividere
370 2125 381 2153 :
402 2108 509 2156 duas
536 2108 614 2156 tibi
635 2109 812 2172 reliquit
832 2107 941 2155 filias
957 2144 970 2166 ⁹
988 2121 1032 2156 et
1052 2109 1207 2155 barum
1224 2123 1408 2172 nepotes
1426 2127 1438 2156 ε
1469 2152 1471 2156 Α

151 2195 194 2228 et
214 2181 352 2245 ipsum
370 2200 508 2247 ,quem
527 2183 716 2231 maxime
736 2183 878 2247 luges,
902 2184 1063 2246 prioris
1088 2183 1228 2231 oblita
1244 2219 1257 2242 ‚
1277 2200 1367 2230 non
1386 2201 1440 2232 ex

152 2267 253 2299 toto
284 2254 468 2302 abstulit.
498 2255 644 2302 Habes
670 2272 724 2302 ex
748 2255 828 2301 illo
851 2256 956 2302 duas
976 2254 1099 2302 filias,
1130 2254 1162 2301 fi
1186 2257 1298 2303 male
1319 2255 1404 2303 fers
1425 2290 1439 2315 ,

153 2343 308 2389 magna
334 2344 499 2375 onera:
519 2329 549 2374 si
569 2330 680 2376 bene
697 2360 711 2383 ‚
736 2344 891 2392 magna
912 2328 1073 2375 soiatia„
1101 2331 1147 2375 ln
1165 2329 1251 2375 hoc
1269 2342 1311 2375 tc
1332 2346 1437 2392 per-

154 2401 304 2456 duxit,
333 2413 382 2448 ut
411 2402 507 2449 illas
526 2419 625 2449 cum
657 2401 821 2449 videris
841 2438 855 2458 ‚
884 2402 1161 2449 admonearis
1199 2402 1276 2449 filii
1295 2439 1310 2460 ,
1347 2419 1441 2452 non

153 2476 334 2523 doloris.
355 2476 563 2540 Agricola
575 2511 590 2536 ,
607 2476 767 2527 everfiss
787 2477 1013 2524 arboribus
1027 2513 1042 2537 ‚
1060 2494 1166 2540 quas
1192 2493 1265 2526 aut
1282 2491 1439 2528 ventus

716 2566 751 2570 -
1075 2544 1118 2589 N
1140 2560 1177 2605 ·3
