1741 2919
363 125 447 178 DE
482 126 882 177 CONSTANTIA
916 127 1231 175 SAPIENTIS.
1342 142 1429 190 29¹

157 236 320 283 rationi
352 237 552 295 innixus,
577 252 657 300 per
685 237 902 283 humanos
926 236 1043 282 casus
1076 235 1231 284 divino
1262 233 1437 280 incedet

162 310 324 355 animo.
356 311 461 356 Non
494 311 620 356 habet
654 309 728 356 ubi
756 310 939 372 accipiat
965 310 1182 356 iniuriam.
1206 309 1259 355 ab
1287 309 1437 355 homi-

160 399 214 427 ne
235 396 306 428 me
326 377 494 429 tantum
520 385 661 430 dicere
689 395 813 445 putas
832 384 848 428 ?
881 399 961 430 nec
980 400 1004 429 a
1024 383 1198 429 fortuna
1224 383 1402 446 quidem
1424 402 1435 429 ε

161 471 273 517 quae
315 458 520 518 quotiens
565 473 667 504 cum
714 457 877 503 virtute
914 456 1141 519 congressa
1179 454 1239 502 est
1268 488 1281 514 ‚
1320 473 1439 502 nun-

162 544 293 589 quam
328 545 405 591 par
435 529 618 576 receffit.
657 528 700 574 Si
736 528 975 574 maximum
1010 528 1115 575 iliud
1134 564 1147 584 ,
1176 528 1288 574 ultra
1318 531 1442 592 quo'd

163 599 271 645 nihil
297 602 456 647 habent
474 604 603 648 iratae
629 602 774 665 leges,
800 617 871 646 aut
892 601 1120 647 saeviffimi
1147 601 1319 647 domini
1349 603 1442 651 mi-

165 685 350 731 nantur,
381 675 426 719 in
455 690 546 737 quo
576 674 807 736 imperium
835 675 957 720 suum
988 673 1163 720 fortuna
1195 672 1443 732 consumit3

165 762 309 809 aequo
332 747 595 811 placidoque
625 747 774 794 animo
798 747 1062 808 accipimus,
1083 759 1125 793 et
1145 747 1299 794 scimus
1319 764 1442 794 mor-

166 831 254 864 tem
277 819 436 866 malum
469 837 562 866 non
585 819 695 878 eise,
725 821 786 865 ob
817 820 904 866 hoc
925 835 979 864 ne
1006 818 1205 864 iniuriam
1233 820 1411 883 quidem
1429 839 1443 867 ε

165 891 310 939 multo
343 891 512 940 facilius
547 893 628 939 alia
661 892 974 947 tolerabimus,
1011 892 1197 948 damna,
1235 894 1446 953 dolores,

167 960 433 1027 ignominias
456 1001 468 1023 ,
501 966 705 1012 locorum
744 964 1116 1013 commutationes
1142 1002 1155 1022 ,
1202 968 1412 1016 orbitates
1430 996 1446 1024 ι,

169 1036 360 1084 discidia.
394 1056 507 1102 quae
542 1039 777 1102 sapientem
794 1070 808 1094 ‚
839 1038 1004 1085 etiamst
1029 1039 1230 1087 universa
1256 1040 1447 1089 circum-

102 1131 105 1133 >
165 1111 377 1169 veniant,
404 1127 494 1158 non
524 1125 753 1174 mergunt;
786 1112 948 1158 nedum
983 1112 1037 1158 ad
1070 1111 1339 1175 singulorum
1360 1115 1447 1162 im-

172 1184 314 1245 pulsus
356 1197 564 1231 moereat.
602 1185 656 1232 Et
695 1184 725 1230 s1
762 1183 965 1230 fortunae
1003 1183 1182 1232 iniurias
1224 1187 1450 1234 moderate

172 1256 284 1314 fert3
306 1271 470 1322 quanto
502 1258 639 1322 magis
673 1258 905 1306 hominum
933 1258 1210 1322 potentium,
1239 1277 1353 1324 quos
1375 1261 1454 1310 scit

174 1327 380 1376 fortunae
398 1347 550 1378 manus
569 1330 654 1378 effe
673 1331 690 1377 ἓ

239 1403 319 1450 IX.
343 1402 509 1449 Omnia
529 1403 675 1467 itaque
697 1401 754 1450 sic
771 1402 956 1467 patitur,
986 1416 1036 1452 ut
1059 1401 1215 1452 hiemis
1238 1405 1452 1468 rigorem,

175 1489 223 1524 ut
255 1475 632 1539 intemperantiam
667 1476 810 1535 coeli,
843 1490 892 1523 ut
920 1476 1121 1524 fervores
1150 1478 1422 1542 morbosque
1442 1510 1458 1539 ‚

175 1564 220 1597 et
237 1563 379 1597 cetera
407 1548 522 1597 forte
540 1549 795 1597 accidentia.
829 1551 924 1597 Nec
944 1551 998 1597 de
1022 1567 1247 1615 quoquam
1267 1564 1356 1599 tam
1376 1553 1460 1600 be-›‘

179 1639 234 1668 ne
265 1623 447 1679 iudicat,
483 1634 529 1669 ut
548 1622 668 1668 illum
700 1621 942 1685 quidquam
975 1635 1096 1685 putet
1126 1624 1308 1672 confilio
1336 1625 1461 1674 fecis-

179 1695 220 1743 se
241 1713 250 1742 :
273 1695 396 1758 quod
416 1695 460 1740 in
478 1710 570 1741 uno
596 1694 787 1756 sapiente
813 1694 873 1741 est
893 1730 906 1752 ,
925 1694 1111 1742 aliorum
1141 1696 1342 1744 omnium
1366 1714 1460 1747 non

180 1767 380 1826 contilia,
408 1766 481 1813 sed
509 1767 703 1826 fraudes,
733 1778 776 1813 et
808 1765 985 1813 infidiae
1004 1799 1017 1825 9
1039 1779 1082 1813 et
1112 1782 1261 1817 motus
1288 1771 1466 1818 animo·

179 1857 275 1888 rum
302 1840 519 1888 inconditi
542 1840 669 1888 sunt:
702 1857 816 1904 quos
851 1841 1016 1888 cafibus
1050 1842 1319 1892 adnumerat.
1353 1847 1468 1893 ΟΜ·-

181 1930 236 1960 ne
258 1928 405 1961 autem
435 1913 666 1960 fortuitum
700 1913 806 1961 citra
838 1930 919 1960 nos
952 1914 1088 1967 saevit
1106 1946 1119 1972 ‚
1151 1931 1195 1963 et
1221 1916 1466 1967 iniuriarum

183 1988 291 2036 Illud
309 2004 488 2052 quoque
508 1988 700 2051 cogitat,
718 1988 973 2035 iniuriarum
993 1989 1191 2036 latiffime
1211 2003 1360 2052 patere
1377 2009 1470 2038 maa

182 2061 334 2109 teriam
355 2061 462 2117 illis,
483 2078 559 2122 per
579 2078 689 2123 quae
710 2062 952 2123 periculum
974 2062 1101 2109 nobis
1120 2064 1358 2126 quaesitum
1379 2065 1440 2113 est
1458 2084 1474 2112 z

182 2144 230 2180 ut
259 2133 509 2181 accusatore
534 2133 746 2181 submisso
765 2170 778 2193 ,
810 2147 883 2181 aut
907 2134 1217 2182 criminatione
1243 2135 1370 2196 falsa,
1397 2150 1474 2186 aut'

181 2207 357 2254 irritatis
384 2208 428 2254 in
463 2224 544 2255 nos
572 2209 876 2271 potentiorum
900 2209 1122 2265 motibus,
1158 2226 1360 2274 quaeque
1394 2212 1479 2259 alia«

183 2283 299 2330 inter
328 2293 503 2343 togatos
534 2281 761 2328 latrocinia
792 2281 903 2329 sunt.
942 2281 1014 2328 Est
1042 2296 1086 2329 et
1108 2281 1178 2328 illa
1213 2281 1371 2330 iniuria
1390 2284 1479 2332 fre-³

185 2370 321 2417 quens
339 2391 353 2413 ,
370 2354 401 2400 fi
424 2355 593 2401 lucrum
613 2354 744 2401 alicui
774 2353 1001 2402 excussum
1021 2354 1082 2402 est
1097 2386 1112 2412 ,-
1137 2366 1210 2401 aut
1230 2356 1476 2418 praemium

183 2426 259 2474 diu
294 2438 541 2491 captatum5
573 2427 604 2474 fi
639 2444 803 2491 magno
838 2427 991 2477 labore
1027 2427 1226 2539 affectat?
1258 2429 1477 2478 hereditas

1263 2510 1288 2540 2.
