1741 2919
517 175 621 222 DE
667 177 799 222 IRA
846 177 976 223 ΜΒ.
1024 178 1057 223 1.
1402 191 1432 236 ι)

153 300 208 331 ex
227 283 368 348 aliqua
386 295 506 347 parte
523 285 760 331 retinenda.
792 288 859 330 An
880 284 1118 331 secundum
1139 294 1334 331 naturam
1353 283 1402 329 fit
1418 316 1435 338 ‚

155 357 428 404 manifestum
447 357 551 415 erit,
566 355 598 402 fi
615 356 842 403 hominem
861 355 1197 419 inspexerimus:
1217 373 1308 419 quo
1327 356 1434 419 quid

152 431 213 477 est
230 431 378 478 mitius
395 467 409 489 ,
434 431 541 478 dum
569 431 615 477 in
640 431 762 476 resto
782 432 920 476 animi
942 429 1089 477 habitu
1110 429 1203 476 est?
1236 431 1342 493 quid
1360 446 1434 475 au-

152 513 241 548 tem
261 503 323 549 ira
352 503 567 550 crudelius
593 501 684 548 est?
717 503 911 549 Homine
932 503 1039 565 quid
1066 501 1254 548 aliorum
1286 517 1435 546 aman-

153 575 268 621 tius?
302 575 407 638 quid
436 575 501 621 ira
528 573 750 622 infestius?
780 576 936 620 Homo
966 575 1009 619 in
1030 574 1299 620 adiutorium
1330 591 1435 619 mu·-

155 659 280 693 tuum
314 659 540 709 generatus
568 646 629 692 est
667 665 678 693 :
714 647 775 693 ira
805 648 851 693 in
876 648 1075 695 exitium.
1117 649 1204 695 Hic
1245 665 1437 712 congre-

153 719 245 783 gari
293 720 389 766 vult
410 756 424 778 ‚
458 720 528 765 illa
565 721 782 767 discedere
817 739 827 767 ε
864 721 934 768 hic
964 722 1166 784 prodesse
1190 757 1205 780 ‚
1242 722 1313 769 illa
1348 738 1437 768 no-

156 809 285 839 cere:
314 793 387 840 hic
419 793 549 840 etiam
580 793 742 857 ignotis
772 794 1024 841 succurrere
1051 829 1065 851 ‚
1103 796 1172 842 iila
1202 796 1332 842 etiam
1367 813 1440 843 ca-

155 865 345 913 riffimos
372 878 517 929 petere
542 884 553 912 :
580 868 652 913 hic
682 867 869 913 aliorum
894 869 1146 915 commodis
1172 869 1243 916 vel
1263 869 1438 932 impen-

155 939 257 986 dere
293 940 334 986 se
364 952 535 1002 paratus
571 939 632 985 est
657 976 670 997 ‚
708 941 770 986 ira
805 941 851 986 in
885 941 1153 1003 periculum,
1191 943 1440 989 dummodo

119 1065 121 1067 ¹
157 1012 376 1068 deducat,
405 1013 682 1060 descendere.
710 1014 824 1073 Quis
853 1030 960 1076 ergo
992 1015 1127 1079 magis
1158 1027 1351 1061 naturam
1373 1031 1440 1060 re-

157 1101 254 1131 rum
276 1097 471 1147 ignorat,
495 1103 628 1148 quam
652 1089 729 1150 qui
752 1089 926 1148 optimo
946 1089 1036 1134 eius
1055 1089 1203 1150 operi,
1230 1100 1273 1135 et
1292 1106 1441 1135 emen-

157 1158 401 1212 datiffimo‚
421 1158 508 1205 hoc
520 1158 662 1206 ferum
679 1176 729 1206 ac
743 1161 1038 1222 perniciosum
1058 1161 1216 1207 vitium
1232 1161 1441 1224 assignat?

156 1235 223 1279 Ira
239 1269 251 1288 ,
279 1245 328 1279 ut
349 1232 538 1279 diximus
553 1269 566 1289 ,
587 1233 715 1278 avida
735 1250 906 1294 poenae
925 1233 984 1279 est
1007 1252 1017 1280 ε
1039 1235 1160 1280 cuius
1184 1235 1441 1295 cupidinem

157 1307 292 1354 inesse
306 1307 576 1370 pacatiffimo
593 1306 786 1353 hominis
801 1307 965 1368 pectori
979 1344 991 1364 ,
1007 1309 1190 1353 minime
1206 1308 1440 1354 secundum

157 1383 250 1430 eius
279 1397 474 1428 naturam
504 1380 577 1428 est.
603 1378 830 1427 Beneficiis
857 1380 971 1427 enim
998 1382 1187 1428 humana
1212 1381 1303 1429 vita
1333 1398 1443 1428 con-

158 1455 261 1503 fistit
276 1491 289 1514 ,
309 1467 352 1501 et
369 1456 612 1503 concordia
631 1472 642 1501 ε
667 1470 747 1501 nec
766 1467 933 1502 terrore
948 1491 961 1512 ‚
988 1455 1061 1501 sed
1086 1472 1242 1502 mutuo
1261 1473 1413 1502 amore
1426 1493 1440 1514 ‚

157 1520 212 1577 in*
222 1530 379 1578 foedus
398 1533 693 1595 auxiliumque
713 1549 954 1578 commune
974 1530 1297 1595 constringitur.
1318 1532 1442 1591 Quid

157 1605 301 1668 ergo?
321 1622 411 1652 non
430 1606 666 1670 aliquando
686 1605 912 1668 castigatio
931 1604 1164 1651 neceflaria
1183 1603 1273 1651 est?
1294 1605 1442 1663 Quid-

159 1680 236 1727 ni?
262 1681 335 1727 sed
354 1680 459 1727 haec
479 1681 641 1727 sincera
656 1716 669 1737 ,
699 1698 799 1728 cum
820 1680 1002 1726 rarione.
1024 1696 1112 1725 non
1134 1679 1251 1726 enim
1272 1693 1406 1726 nocet
1426 1713 1441 1736 ‚

156 1753 231 1800 sed
255 1754 456 1800 medetur
482 1754 626 1817 specie
647 1753 851 1800 nocendi.
886 1753 1277 1814 Quemadmodum
1304 1771 1440 1817 quae-

159 1826 259 1872 dam
290 1827 454 1873 hastilia
474 1828 672 1884 detorta,
704 1838 752 1872 ut
783 1827 1080 1889 corrigamus,
1115 1824 1364 1881 adurimus,
1399 1836 1443 1870 et

157 1898 318 1946 adaffis
346 1899 499 1946 cuneis
519 1933 532 1955 ,
563 1916 655 1945 non
687 1913 734 1946 ut
758 1899 1034 1963 frangamus,
1068 1899 1138 1946 sed
1170 1914 1218 1947 ut
1247 1900 1440 1963 explice-

159 1988 256 2034 mus
270 2006 283 2029 ‚
309 1970 511 2018 elidimus
530 1990 541 2018 :
564 1972 621 2019 fic
649 1972 821 2035 ingenia
841 1973 954 2019 vitio
974 1990 1106 2036 prava
1122 2006 1136 2029 9
1162 1973 1318 2020 dolore
1337 1990 1443 2020 cor-

159 2046 280 2111 poris
307 2045 528 2109 animique
553 2047 830 2111 corrigimus.
864 2049 1039 2112 Nempe
1069 2050 1264 2097 medicus
1292 2048 1439 2111 primo

158 2120 204 2167 in
229 2120 402 2167 levibus
428 2119 546 2167 vitiis
577 2133 714 2168 tentat
750 2137 841 2167 non
872 2123 1058 2168 multum
1091 2139 1147 2169 ex
1184 2121 1441 2185 quotidiana

161 2195 476 2242 consuetudine
500 2196 723 2243 infleGere
740 2232 753 2254 ,
784 2211 826 2242 et
847 2195 954 2243 cibis
969 2231 981 2252 ‚
1004 2197 1260 2258 potionibus
1279 2232 1292 2254 ,
1310 2213 1439 2242 exer·
1479 2242 1483 2245 ,

161 2267 444 2317 citationibus
464 2271 664 2316 ordinem
682 2287 874 2332 ponere,
892 2288 940 2317 ac
958 2271 1250 2317 valetudinem
1270 2285 1439 2318 tantum

157 2351 322 2386 mutata
341 2342 456 2389 vitae
481 2342 764 2405 dispositione
786 2343 983 2389 firmare:
1007 2343 1261 2406 proximum
1283 2342 1371 2400 est,
1396 2355 1443 2388 ut

159 2412 321 2459 modus
339 2413 557 2476 proficiat.
577 2415 606 2460 si
625 2415 783 2461 modus
802 2431 845 2463 et
868 2416 985 2462 ordo
1004 2432 1096 2462 non
1116 2415 1291 2480 proficit
1309 2434 1324 2474 ;
1341 2417 1365 2462 s
1361 2417 1440 2462 ub-

160 2485 284 2531 ducit
309 2485 473 2550 afiqua,
509 2499 552 2534 et
576 2487 864 2535 circumcidit.
881 2488 910 2535 fi
932 2505 984 2536 ne
1004 2489 1147 2538 adhuc
1167 2489 1347 2553 quidem
1368 2507 1441 2537 re·
