1741 2919
300 172 396 204 200
565 158 613 202 L.
658 155 947 202 ANNAEI
995 122 1350 203 SENECAE

295 261 533 306 Neminem
566 260 757 322 decipio.
772 306 775 307 ⁷
792 274 841 305 tu
861 258 891 304 si
916 257 1030 306 filios
1056 259 1271 308 sustuleris
1285 297 1301 319 ,
1322 261 1488 324 poteris
1505 261 1584 308 ha-

296 334 400 379 bere
435 331 685 390 formosos,
719 332 886 394 poteris
919 346 961 379 et
992 332 1247 380 deformes:
1279 350 1321 382 et
1348 335 1379 380 fi
1410 335 1587 382 fortaffe

295 407 377 452 tibi
400 407 525 453 multi
541 405 794 463 nascentur,
818 407 905 454 effe
925 425 978 454 ex
1001 408 1083 454 illis
1103 408 1260 471 aliquis
1276 422 1366 456 tam
1392 409 1587 457 servator

295 479 460 542 patriae
473 514 487 536 ‚
507 495 641 542 quam
661 478 866 540 proditor
882 479 1063 542 poterit.
1085 482 1191 527 Non
1217 479 1278 527 est
1293 483 1416 544 quod
1437 482 1586 544 despe-

296 569 366 599 res
382 566 526 598 tantae
547 551 812 617 dignationis
837 551 1006 599 futuros
1026 589 1040 611 ,
1058 569 1104 600 ut
1132 572 1266 602 nemo
1293 556 1372 602 tibi
1402 570 1589 618 propter

297 624 397 672 illos
433 625 698 671 maledicere
727 625 883 671 audeat
911 642 922 671 ε
956 642 1162 688 propone
1192 644 1338 675 tamen
1370 645 1414 675 et
1446 641 1589 676 tantae

298 695 474 743 futuros
508 695 790 758 turpitudinis
815 733 829 755 ,
862 710 910 743 ut
944 697 1021 759 ipsi
1051 699 1333 748 maledictum
1371 702 1434 748 sit.
1468 703 1591 748 Nihil

299 783 418 819 vetat
436 771 534 817 illos
562 771 641 817 tibi
663 770 863 832 suprema
891 770 1128 834 praestare,
1159 787 1203 820 et
1231 774 1397 820 laudari
1425 759 1481 821 te.
1499 792 1521 819 a
1542 775 1591 820 li-

300 845 417 892 beris
435 845 545 892 tuis:
570 844 644 891 sed
665 845 721 891 sic
739 859 782 891 te
811 862 911 907 para
925 880 939 902 ,
959 856 1165 908 tanquam
1186 845 1230 891 in
1252 847 1399 910 ignem
1427 849 1592 910 pofitu-

302 938 373 976 ra,
397 918 463 966 vel
485 934 666 979 puerum
685 949 701 973 ,
726 918 799 964 vel
828 918 1038 964 iuvenem
1054 953 1068 973 ,
1087 919 1157 965 vel
1183 917 1342 965 senem.
1375 921 1447 966 Nil
1473 922 1593 967 enim

301 995 357 1042 acl
389 1009 482 1039 rem
512 991 731 1053 pertinent
761 991 864 1037 anni
884 1012 891 1036 ε
914 992 1122 1055 quoniam
1154 993 1318 1039 nullum
1346 1010 1438 1039 non
1471 1011 1597 1042 acer·

304 1069 411 1115 bum
441 1066 570 1112 funus
598 1064 685 1120 est,
713 1065 836 1127 quod
856 1082 1010 1128 parens
1031 1066 1234 1129 sequitur.
1262 1068 1363 1115 Post
1380 1069 1454 1115 has
1480 1069 1596 1132 leges

304 1139 551 1205 propositas
567 1173 579 1195 ‚
606 1138 636 1184 fi
655 1138 817 1185 liberos
838 1137 954 1184 tollis
969 1174 983 1195 ,
1020 1138 1145 1184 omni
1166 1138 1274 1187 deos
1290 1139 1461 1190 invidia
1485 1140 1596 1189 libe-

305 1231 373 1261 ras
392 1251 404 1271 ,
428 1213 504 1276 qui
532 1211 612 1259 tibi
640 1211 745 1258 nihil
774 1212 1126 1274 spoponderunt.

374 1286 539 1332 XVlIl.
578 1285 648 1331 Ad
679 1285 791 1332 hanc
826 1285 1061 1348 imaginem
1100 1287 1287 1350 agedum
1315 1288 1452 1333 totius
1481 1287 1598 1336 vitae

308 1358 541 1406 introitum
573 1356 826 1404 referamus.
845 1356 1074 1421 Syracusas
1094 1359 1234 1406 visere
1263 1360 1524 1406 deliberanti
1544 1361 1600 1406 ti-

308 1435 382 1492 bi,
409 1432 625 1496 quidquid
651 1432 861 1478 deleflare
883 1444 1054 1493 poterat
1077 1467 1090 1489 ,
1109 1432 1325 1495 quidquid
1346 1432 1570 1479 offendere
1586 1467 1602 1490 ,

310 1506 494 1570 exposui
519 1525 530 1553 ε
564 1518 666 1569 puta
696 1505 883 1552 nascenti
911 1523 982 1552 me
1007 1506 1085 1552 tibi
1110 1506 1263 1552 venire
1289 1506 1336 1552 in
1357 1505 1602 1554 consilium.

311 1583 522 1630 intratura
543 1598 588 1628 es
616 1581 769 1627 urbem
802 1581 884 1627 diis
916 1581 1257 1644 hominibusque
1283 1597 1570 1628 communem
1587 1615 1602 1638 ‚

313 1657 465 1704 omnia
501 1657 806 1718 complexam,
847 1656 975 1702 certis
1008 1656 1175 1717 legibus
1213 1654 1485 1717 aeternisque
1523 1654 1603 1701 de-

313 1729 504 1778 vinitam
521 1763 535 1785 ,
563 1726 845 1790 indefatigata
865 1727 1117 1775 coelestium
1150 1726 1295 1773 officia
1330 1727 1604 1773 volventem.

318 1797 629 1847 Videbis-illic
665 1798 1004 1845 innumerabiles
1043 1798 1212 1857 stellas,
1250 1798 1476 1845 miraberis
1511 1816 1604 1844 uno

317 1871 455 1918 fidere
480 1871 630 1917 omnia
657 1871 863 1933 impleri,
897 1871 1033 1917 solem
1066 1871 1328 1934 quotidiano
1362 1870 1484 1916 cursu
1518 1869 1604 1917 diei

319 1945 546 2008 noctisque
570 1944 700 2006 spatia
733 1943 1000 2008 signantem,
1030 1961 1177 1990 annuo
1210 1943 1384 1989 aestates
1419 1942 1607 1988 hiemes-

319 2036 409 2082 que
429 2017 664 2081 aequaliter
683 2017 971 2064 dividentem.
990 2018 1173 2064 Videbis
1201 2017 1461 2063 nocturnam
1481 2014 1607 2061 lunae

322 2092 633 2142 succeffionem
649 2125 663 2147 ,
684 2110 708 2139 a
727 2092 926 2139 fraternis
955 2092 1210 2139 occurfibus
1238 2092 1333 2138 lene
1363 2088 1608 2136 remissum-

323 2182 409 2229 que
439 2167 590 2212 lumen
621 2179 926 2222 mutuantem,
952 2179 994 2212 et
1015 2166 1156 2212 modo
1186 2164 1405 2211 occultam
1422 2195 1436 2218 ,
1469 2162 1610 2208 modo

324 2251 426 2290 toto
461 2255 542 2285 ore
572 2239 698 2285 terris
727 2240 1027 2286 imminentem
1044 2276 1056 2295 ,
1083 2238 1394 2286 acceffionibus
1420 2236 1611 2283 damnis-

324 2328 412 2375 que
430 2312 713 2369 mutabilem,
738 2312 908 2374 semper
938 2311 1166 2373 proximae
1191 2310 1451 2357 diffimilem.
1477 2308 1612 2355 Vide-

327 2384 394 2431 bis
423 2386 619 2448 quinque
647 2385 782 2431 fidera
801 2384 992 2430 diversas
1013 2383 1183 2447 agentia
1210 2382 1334 2439 vias,
1364 2396 1406 2429 et
1436 2382 1480 2427 in
1500 2397 1610 2428 con-

326 2459 512 2507 trarium
534 2459 768 2523 praecipiti
784 2458 952 2505 mundo
965 2457 1148 2505 nitentia
1165 2475 1174 2504 :
1194 2474 1249 2504 ex
1269 2457 1429 2504 horum
1448 2454 1611 2505 leviffi-
