1741 2919
297 146 360 194 90
561 130 612 177 L.
663 90 960 175 ANNAEI
1008 128 1368 177 SENECAE

289 234 493 281 laudibus
518 233 601 281 suis
629 235 847 298 rebusque
873 234 1000 299 gestis
1028 251 1182 281 manus
1209 235 1427 299 attuleras.
1461 228 1591 284 Nun-

292 325 426 372 quam
450 326 552 354 cum
573 309 744 371 hospite
762 309 933 367 inimici
957 308 1019 354 sui
1039 307 1218 371 questus
1237 307 1323 356 est:
1343 310 1432 357 hoc
1457 311 1591 357 dum·

293 393 409 429 taxat
429 381 620 428 Pollioni
638 382 793 428 Afinio
810 374 941 438 dixit,
960 395 1223 448 θηριοτροφεῖς.
1241 383 1412 429 Paranti
1431 383 1591 431 deinde

292 454 627 502 excusationem
644 491 658 514 ,
687 455 873 502 obstitit.
894 460 972 513 Et,
1004 458 1153 505 fruere
1168 492 1182 514 ,
1207 456 1350 520 inquit
1365 492 1379 515 ‚
1405 457 1467 504 mi
1485 458 1591 504 Pol-

293 528 381 584 lio,
404 529 563 576 fruere.
584 531 637 575 Et
660 546 764 575 cum
786 531 930 577 Pollio
956 531 1148 579 diceret:
1172 531 1214 578 Si
1237 531 1384 590 iubes,
1403 532 1591 590 Caesar,

289 602 432 649 statim
457 602 520 648 illi
552 603 694 649 domo
721 620 818 649 mea
846 603 1120 652 interdicam.
1155 605 1257 653 Hoc
1286 622 1384 663 me,
1415 603 1588 668 inquit,

288 690 415 738 putas
432 675 648 722 facturum
667 710 681 731 ‚
701 691 804 722 cum
823 692 910 740 ego
929 693 1012 724 vos
1033 678 1076 723 in
1097 677 1281 742 gratiam
1301 677 1553 725 reduxerim
1566 677 1591 724 ἓ

286 753 445 796 Fuerat
466 750 584 797 enim
607 750 848 813 aliquando
876 750 1110 815 Timageni
1138 753 1283 799 Pollio
1312 752 1446 801 iratus
1468 771 1479 799 :
1504 768 1588 800 nec

287 824 423 870 ullam
447 824 575 871 aliam
596 824 808 872 habuerat
835 826 1007 873 causam
1039 826 1289 886 desinendi,
1311 842 1442 890 quam
1462 825 1588 890 quod

287 897 448 944 Caesar
474 910 698 960 coeperat,

354 972 527 1018 XXW.
551 972 687 1019 Dicat
707 972 858 1037 itaque
886 972 1072 1038 quisque
1092 973 1197 1031 fibi,
1226 972 1401 1038 quoties
1416 972 1586 1021 laceffi-

285 1057 389 1092 tur:
411 1046 644 1109 Numquid
678 1047 909 1108 potentior
939 1049 1030 1094 sum
1069 1048 1311 1112 Philippo?
1346 1047 1410 1094 illi
1439 1062 1586 1095 tamen

284 1116 471 1180 impune
491 1118 771 1165 maledictum
791 1119 867 1167 est.
896 1122 1131 1185 Numquid
1150 1122 1194 1167 in
1216 1123 1358 1168 domo
1377 1136 1473 1167 mea
1493 1119 1589 1182 plus

286 1191 465 1254 poffum
487 1227 501 1250 ‚
532 1209 661 1255 quam
690 1208 790 1240 toto
824 1195 936 1241 orbe
968 1210 1181 1242 terrarum
1215 1194 1343 1241 divus
1371 1193 1588 1256 Augustus

286 1265 470 1328 potuit?
491 1266 563 1311 ille
583 1279 732 1312 tamen
753 1280 989 1315 contentus
1011 1267 1118 1324 fuit,
1139 1286 1163 1315 a
1181 1267 1490 1317 conviciatore
1508 1265 1590 1314 suo

282 1340 501 1388 secedere.
533 1341 660 1400 Quid
691 1340 752 1387 est
795 1359 936 1405 quare
958 1358 1044 1406 ego
1078 1341 1191 1391 servi
1222 1342 1312 1388 mei
1332 1340 1488 1387 clarius
1515 1357 1588 1387 re-

284 1413 493 1475 sponsum
512 1449 525 1471 ,
546 1430 589 1459 et
608 1415 989 1462 contumaciorem
1020 1415 1189 1463 vultum
1204 1451 1217 1470 ,
1247 1428 1292 1461 et
1311 1431 1402 1460 non
1422 1430 1585 1476 perve-

286 1485 480 1531 nientem
509 1502 649 1549 usque
679 1487 733 1532 ad
768 1504 838 1532 me
863 1487 1300 1545 murmurationem,
1332 1486 1513 1551 flagellis
1543 1500 1587 1535 et

285 1557 581 1619 compedibus
619 1558 832 1621 expiem?
868 1560 966 1623 quis
995 1559 1119 1614 sum,
1154 1559 1279 1607 cuius
1310 1576 1436 1607 aures
1471 1559 1586 1608 laedi

232 1623 233 1626 ¹
284 1632 408 1678 nefas
426 1632 475 1678 fit
495 1632 513 1677 ἒ
532 1636 807 1696 Ignoverunt
828 1634 953 1681 multi
973 1634 1167 1681 hostibus
1187 1651 1197 1678 :
1216 1650 1302 1696 ego
1322 1650 1415 1680 non
1435 1633 1586 1697 ignos—

283 1723 383 1754 cam
410 1705 547 1770 pigris
577 1743 590 1762 ,
626 1708 977 1772 negligentibus,
1005 1708 1218 1771 garrulis?
1252 1709 1442 1754 Puerum
1471 1721 1588 1755 aetas

283 1782 494 1835 excuset,
527 1782 738 1828 feminam
772 1783 926 1840 sexus,
962 1796 1223 1829 extraneum
1258 1782 1462 1839 libertas,
1498 1783 1587 1828 dofl-

284 1854 516 1904 mesticum
535 1855 816 1903 familiaritas.
837 1857 968 1902 Nunc
988 1844 1183 1917 primum
1210 1854 1395 1902 offendit
1415 1856 1432 1902 ?
1463 1856 1588 1920 cogi-

281 1940 429 1976 temus
457 1930 668 1993 quamdiu
706 1930 935 1993 placuerit.
970 1932 1108 1991 Saepe
1145 1942 1189 1976 et
1220 1930 1322 1977 alias
1357 1928 1587 1976 offendit?

283 2001 480 2049 feramus
511 2004 634 2064 quod
665 2003 743 2051 diu
772 2003 968 2051 tulimus.
996 2004 1180 2050 Amicus
1207 2003 1303 2051 est?
1326 2004 1432 2052 fecit
1460 2005 1585 2068 quod

282 2075 442 2123 noluit.
467 2076 705 2124 Inimicus?
728 2076 833 2124 fecit
851 2078 976 2140 quod
1000 2077 1170 2125 debuit.
1200 2077 1482 2124 Prudentiori
1509 2094 1583 2124 ce-

282 2150 470 2197 damus:
508 2149 697 2197 stultiori
724 2150 1012 2199 remittamus.
1052 2168 1137 2215 pro
1177 2167 1449 2214 quocunque
1480 2150 1587 2198 illud

277 2224 628 2287 respondeamus
651 2224 812 2282 nobis,
875 2225 1208 2288 sapientissimos
1240 2241 1423 2288 quoque
1461 2223 1588 2271 viros

281 2298 420 2343 multa
436 2296 691 2360 delinquere
712 2315 723 2344 ε
741 2296 966 2344 neminem
984 2286 1070 2345 effe
1090 2314 1180 2345 tam
1197 2297 1582 2360 circumspectum,

279 2370 404 2416 cuius
433 2387 524 2416 non
550 2371 774 2434 diligentia
800 2370 1044 2435 aliquando
1070 2371 1146 2417 fibi
1174 2371 1262 2434 ipsr
1274 2371 1452 2418 excidat
1471 2388 1482 2417 ε
1499 2386 1580 2416 ne-

283 2442 453 2492 minem
491 2459 581 2493 tam
595 2449 826 2495 ‘maturum
845 2481 862 2505 ,
882 2445 1006 2494 cuius
1040 2460 1132 2495 non
1150 2445 1409 2510 gravitatem
1435 2443 1482 2494 in
1507 2441 1587 2495 ali-2
