1741 2919
271 162 374 210 DE
411 156 991 207 PROVVIDENTIA
1031 155 1259 204 LIBER.
1328 169 1415 218 233
1449 130 1458 134 ’”

145 270 250 320 'dere
272 272 378 318 haec
394 288 505 335 qua-e
524 268 679 333 vulgus
695 265 883 331 appetit,
905 282 1014 329 quae
1035 264 1290 312 reformidat
1310 299 1323 322 ‚
1343 279 1426 310 nec

145 347 263 394 bona
281 345 367 393 effe
388 362 469 392 nec
488 344 595 390 mala
615 360 625 387 :
658 341 925 404 apparebunt
947 350 1088 385 autem
1110 337 1228 384 bona
1248 334 1332 383 esse
1346 372 1359 393 ‚
1393 333 1426 382 fi

146 418 217 464 illa
236 434 327 464 non
348 417 423 463 nifi
445 416 572 463 bonis
588 415 694 462 viris
717 413 943 469 tribuerit3
964 423 1006 459 et
1025 409 1135 457 mala
1152 408 1264 465 effe,
1285 408 1314 454 fi
1336 424 1431 454 ma-

146 489 198 538 lis
227 505 393 539 tantum
422 488 693 553 irrogaverit.
729 486 1006 534 Detestabilis
1036 484 1118 531 erit
1156 482 1366 539 caecitas,
1396 481 1429 527 fi

148 579 283 609 nemo
302 561 457 610 oculos
477 561 739 625 perdiderit,
758 561 833 607 nifi
859 559 927 605 cui
949 556 1128 605 eruendi
1148 555 1256 602 sunt.
1280 556 1431 616 Itaque

148 647 324 683 careant
349 636 444 682 luce
475 634 642 698 Appius
674 650 717 681 et
745 633 958 680 Metellus.
991 633 1097 677 Non
1122 629 1218 677 sunt
1254 627 1433 675 divitiae

147 705 332 752 bonum.
355 708 503 767 Itaque
522 705 675 750 habeat
691 704 782 750 illas
803 715 844 750 et
863 703 993 749 Ellius
1010 701 1112 748 leno
1132 718 1142 747 ε
1162 711 1210 746 ut
1228 699 1433 745 homines

149 776 378 839 pecuniam
404 793 503 823 cum
526 776 570 822 in
586 775 762 839 templis
787 773 1170 828 consecraverint,
1188 769 1367 818 videant
1392 780 1435 816 et

150 848 198 894 in
216 847 401 896 fornice.
417 848 553 894 Nullo
575 848 713 894 modo
736 847 874 911 magis
891 845 1176 909 potest'Deus
1198 843 1436 906 concupita

150 922 378 969 traducere
395 957 407 978 ,
427 912 556 985 qnam
585 921 614 966 fi
637 920 708 967 illa
728 920 782 966 ad
801 919 1067 983 turpiffimos
1088 917 1250 976 defert,
1279 917 1334 963 ab
1351 932 1438 979 op-

150 996 269 1043 timis
297 996 444 1059 abigit.
471 1000 526 1041 At
555 994 755 1057 iniquum
786 994 871 1051 est,
899 993 1068 1039 bonum
1091 991 1242 1039 virum
1272 991 1436 1039 debili-

147 1067 230 1114 tari
248 1103 262 1126 ,
292 1080 363 1114 aut
387 1066 576 1131 configi,
593 1077 667 1113 aut
685 1065 876 1129 alligari3
898 1064 1035 1111 malos
1056 1062 1236 1127 integris
1266 1077 1435 1124 corpo-

152 1143 272 1190 ribus
291 1142 457 1190 solutos
474 1159 523 1188 ac
544 1141 753 1188 delicatos
769 1141 984 1187 incedere.
1004 1137 1128 1200 Quid
1146 1135 1316 1201 porro?
1345 1153 1437 1182 non

149 1213 212 1261 est
230 1214 458 1277 iniquum,
483 1213 618 1259 fortes
643 1214 768 1260 viros
789 1229 906 1258 arma
926 1213 1095 1259 sumere
1114 1243 1129 1268 ‚
1158 1222 1201 1258 et
1220 1210 1265 1257 in
1292 1209 1440 1257 castris

143 1289 442 1352 pernodtare,
463 1302 506 1336 et
532 1305 616 1352 pro
645 1287 766 1335 vallo
791 1287 991 1351 obligatis
1019 1285 1127 1335 stare
1154 1284 1442 1332 vulneribus:

150 1363 325 1410 interim
344 1362 390 1408 in
409 1364 515 1408 urbe
534 1366 708 1410 securos
725 1361 833 1418 effe,
858 1361 1052 1424 percisos
1066 1373 1108 1408 et
1124 1359 1338 1424 professos
1357 1359 1442 1405 im-

151 1437 438 1502 pudicitiam?
460 1437 583 1497 Quid
604 1436 771 1500 porro?
792 1453 882 1483 non
901 1435 961 1482 est
980 1436 1205 1498 iniquum,
1224 1433 1440 1479 nobiliffi-

112 1573 114 1577 ,
152 1528 246 1558 mas
262 1512 457 1575 virgines
482 1513 535 1558 ad
556 1511 672 1558 sacra
698 1511 894 1559 facienda
923 1511 1126 1557 noffibus
1154 1509 1354 1564 excitari,
1379 1508 1441 1555 al-¹

150 1583 314 1630 tiffimo
334 1583 492 1630 somno
518 1583 763 1647 inquinatas
792 1583 909 1630 frui?
934 1583 1078 1630 Labor
1106 1582 1303 1644 optimos
1324 1582 1441 1630 citat.

149 1658 335 1704 Senatus
369 1673 447 1720 per
475 1669 619 1702 totum
651 1657 766 1704 diem
795 1657 917 1720 saepe
943 1655 1196 1704 consulitur.
1228 1673 1326 1701 cum
1362 1657 1440 1702 illo

152 1743 356 1793 tempore
391 1729 620 1777 viliffimus
657 1730 844 1795 quisque
860 1764 874 1786 ‚
913 1742 984 1776 aut
1019 1730 1064 1776 in
1100 1746 1259 1791 campo
1297 1730 1439 1776 otium

150 1803 273 1851 suum
302 1804 517 1860 oblectet,
547 1814 619 1848 aut
644 1803 688 1848 in
714 1805 877 1867 popina
906 1804 1035 1850 lateat
1055 1835 1068 1857 ‚
1099 1815 1171 1848 aut
1195 1818 1368 1865 tenpus
1397 1805 1441 1850 in

149 1878 298 1940 aliquo
319 1877 484 1924 circulo
502 1890 626 1923 terat.
644 1878 762 1924 Idem
785 1879 827 1923 in
849 1879 931 1924 hac
954 1894 1107 1940 magna
1129 1877 1350 1940 republica
1373 1877 1437 1925 fit.

149 1949 259 1996 boni
276 1949 362 1997 viri
378 1950 604 2007 laborant,
624 1949 911 2013 impendunt,
929 1948 1245 2011 impenduntur
1260 1982 1274 2003 ‚
1295 1961 1335 1996 <t
1358 1966 1442 1996 vo-

149 2022 287 2070 lentes
310 2022 490 2086 quidem
513 2039 523 2068 :
550 2039 642 2068 non
667 2024 893 2068 trahuntur
913 2039 934 2067 a
961 2020 1137 2068 fortuna
1153 2056 1166 2078 ,
1199 2021 1438 2083 sequuntur

149 2095 262 2141 illam
282 2130 295 2152 ,
327 2107 371 2142 et
403 2109 590 2158 aequant
622 2095 792 2158 gradus.
821 2095 848 2141 si
876 2094 1046 2141 scissent
1066 2131 1079 2152 ,
1112 2094 1439 2141 anteccffiffent.

152 2170 279 2216 Hanc
298 2185 477 2233 quoque
496 2168 735 2215 animosam
761 2167 985 2215 Demetrii
1007 2167 1225 2214 fortiffimi
1246 2167 1327 2214 viri
1350 2183 1440 2213 vo-

151 2259 248 2290 cem
267 2242 431 2289 audiffe
447 2259 518 2288 me
539 2242 745 2287 memini:
767 2243 868 2288 Hoc
895 2258 1031 2287 unum
1049 2273 1063 2296 ,
1085 2240 1256 2303 inquit,
1274 2239 1335 2285 dii
1353 2239 1438 2284 im-

152 2316 386 2371 mortales,
423 2317 478 2362 de
511 2315 642 2362 vobis
677 2315 800 2377 queri
832 2313 1002 2377 possum
1024 2350 1036 2370 ‚
1070 2312 1192 2377 quod
1228 2329 1315 2357 non
1342 2325 1442 2358 ante

154 2390 265 2437 mihi
285 2390 557 2438 voluntatem
585 2389 774 2446 vestram
797 2401 946 2434 notam
977 2388 1147 2435 fecistis.
1180 2388 1303 2433 Prior
1324 2386 1438 2432 enim

153 2463 210 2509 ad
236 2461 312 2509 ista
330 2462 543 2512 veniffem
557 2494 571 2519 ,
592 2463 646 2510 ad
666 2478 775 2527 quae
796 2478 914 2510 nunc
937 2472 1125 2511 vocatus
1144 2458 1307 2508 adsum.
1330 2462 1441 2506 Vul-
