1741 2919
295 161 386 207 514
552 149 601 197 L.
643 148 948 196 ANIQJAEI
995 150 1351 198 SENECAE

289 255 529 303 commoda
547 292 560 315 ‚
589 273 688 303 cum
724 255 923 305 lacrimas
951 269 1046 305 ruas
1064 292 1078 317 ‚
1105 257 1270 305 etiamsi
1304 256 1578 323 supprimere

286 347 379 377 non
412 330 676 392 potuissem,
706 331 1031 380 interimcerte
1057 332 1354 380 absterfiffem.
1387 334 1573 392 deinde,

285 403 383 466 plus
412 402 664 449 habiturum
687 419 767 449 me
803 405 1072 453 austeritatis
1106 422 1197 452 non
1231 406 1486 455 dubitabam
1520 410 1575 456 ad

284 476 564 525 excitandam
591 490 665 533 te,
693 475 722 523 fi
754 478 878 540 prior
906 478 997 542 ipse
1037 479 1416 528 consurrexissem.
1445 499 1576 545 prae-

282 561 401 598 terea
430 549 668 606 timebam,
694 567 749 597 ne
775 567 798 597 a
817 567 889 598 me
909 568 1000 599 non
1030 552 1145 601 vieta
1175 552 1354 600 fortuna
1383 553 1575 619 aliquem

282 641 487 672 meorum
509 625 723 674 vinceret.
759 627 908 689 Itaque
933 641 1160 691 utcunque
1187 628 1411 685 conabar,
1441 646 1575 676 manu

280 699 412 764 super
447 700 619 765 plagam
656 717 798 749 meam
835 700 1071 765 impolita,
1108 704 1162 749 ad
1198 703 1436 767 obliganda
1472 704 1574 753 vul-

279 791 384 821 nera
419 772 564 823 vestra
596 791 781 839 reptare.
831 777 1252 839 Hoc'propofitum
1277 795 1424 826 meum
1449 793 1575 827 erant

279 847 424 895 rursus
453 864 565 912 quae
598 848 884 895 retardarent.
929 847 1099 894 Dolori
1131 862 1242 908 tuo,
1282 850 1388 898 dum
1421 868 1574 899 recens

278 923 482 978 saeviret,
513 921 701 969 sciebam
731 922 1059 971 occurrendum
1091 926 1183 968 non
1220 922 1332 980 effe,
1367 939 1422 971 ne
1449 924 1572 970 illum

279 999 370 1061 ipsa
389 997 539 1044 solatia
568 998 818 1054 irritarent,
840 1007 883 1043 et
903 996 1210 1044 accenderent
1238 1013 1339 1043 nam
1373 996 1419 1044 in
1448 1013 1572 1044 mor-

277 1073 344 1120 bis
377 1089 561 1137 quoque
596 1072 700 1118 nihil
727 1071 787 1119 est
820 1069 1103 1152 perniciosius
1128 1107 1142 1131 ‚
1179 1089 1312 1135 quam
1339 1072 1572 1121 immatura

278 1147 456 1193 medici·
458 1163 514 1192 a.
558 1146 762 1206 Exspecta
745 1144 871 1190 ⁴{blm
902 1144 1049 1208 itaque
1076 1145 1183 1190 dum
1212 1145 1302 1209 ipse
1333 1146 1453 1194 vires
1478 1146 1572 1195 suas

277 1221 330 1270 fr
322 1239 427 1279 rw
432 1238 520 1276 ret,
548 1220 665 1268 etad
686 1220 746 1266 su
740 1220 929 1267 linenda
956 1219 1147 1267 iemedia
1173 1237 1300 1268 mora
1324 1221 1571 1285 mitigatus,

277 1297 395 1361 tangi
415 1297 455 1343 se
474 1313 523 1343 ac
542 1294 713 1342 treclari
742 1306 978 1357 pateretur
1010 1295 1261 1353 Praeterea,
1291 1311 1396 1342 cum
1421 1295 1572 1342 omnia

278 1369 653 1420 clariffimorum
639 1368 925 1432 ingeniorum
954 1380 1242 1417 monumenta
1256 1405 1270 1427 ,
1291 1369 1345 1416 ad
1366 1369 1571 1433 compes-

278 1448 443 1496 kendos
459 1446 849 1508 moderandosque
862 1444 1002 1491 lukius
1023 1445 1269 1507 composita
1288 1444 1567 1502 evolverem,

277 1539 372 1571 non
387 1519 666 1568 inveniebam
685 1517 938 1580 exemplum
960 1517 1077 1574 eius,
1099 1517 1173 1582 qui
1192 1518 1443 1566 consolatus
1464 1518 1565 1566 suos

277 1596 409 1655 esset,
430 1610 531 1641 cum
551 1592 640 1656 ipse
660 1592 714 1638 ab
739 1590 825 1637 illis
855 1590 1224 1654 comploraretur.
1261 1595 1323 1640 Ita
1349 1592 1394 1638 in
1415 1609 1463 1640 re
1481 1609 1569 1639 no-

276 1687 333 1719 va
350 1668 612 1717 haesitabam
624 1704 636 1725 ‚
658 1665 934 1728 verebarque
951 1697 965 1720 ,
983 1682 1036 1713 ne
1052 1667 1159 1713 haec
1175 1683 1267 1713 non
1287 1664 1539 1713 consolatio
1551 1701 1566 1725 ,

277 1744 353 1791 sed
381 1741 652 1790 exulceratio
677 1739 793 1786 effer.
820 1738 943 1799 Quid
971 1738 1097 1803 quod
1128 1739 1261 1789 novis
1286 1738 1462 1798 verbis,
1483 1756 1567 1787 nec

276 1835 333 1866 ex
362 1814 530 1880 vulgari
565 1826 608 1862 et
639 1811 897 1878 quotidiana
929 1811 1078 1860 sumtis
1113 1812 1417 1872 allocutione,
1453 1828 1569 1876 opus

277 1904 370 1940 erat
390 1890 562 1939 homini
581 1891 634 1938 ad
656 1889 950 1938 consolandos
970 1889 1072 1936 suos
1097 1905 1154 1936 ex
1173 1887 1270 1952 ipso
1296 1903 1412 1952 rogo
1436 1897 1567 1951 caput

277 1965 511 2015 allevanti?
539 1964 701 2011 Omnis
730 1976 878 2011 autem
899 1963 1160 2027 magnitudo
1181 1962 1349 2009 doloris
1374 1961 1564 2007 modum

277 2038 530 2087 excedentis
564 2035 731 2084 neceffe
762 2035 823 2082 est
859 2035 1065 2082 diledlum
1103 2034 1347 2083 verborum
1379 2033 1566 2097 eripiat,

277 2133 379 2164 cum
407 2115 529 2177 saepe
554 2128 717 2160 vocem
738 2128 917 2175 quoque
938 2109 1073 2172 ipsam
1091 2109 1365 2156 intercludat.
1390 2111 1566 2156 Utcun-

279 2205 365 2253 que
391 2186 618 2244 connitar,
646 2202 737 2232 non
760 2183 920 2231 fiducia
946 2182 1136 2246 ingenii,
1166 2181 1239 2229 sed
1268 2181 1367 2246 quia
1388 2181 1565 2244 possum

276 2261 408 2309 instar
445 2259 761 2307 efficaciffimae
806 2256 1123 2306 consolationis
1155 2255 1243 2304 effe
1291 2255 1563 2304 consolator.

278 2335 368 2382 Cui
393 2334 501 2381 nihil
527 2351 729 2399 negares,
757 2332 860 2381 huic
889 2332 979 2380 hoc
1004 2331 1156 2396 utique
1180 2343 1224 2379 te
1246 2348 1339 2379 non
1368 2331 1454 2380 effe
1479 2348 1563 2380 ne-

278 2420 474 2474 gaturam
498 2411 631 2470 (licet
648 2409 796 2457 omnis
822 2424 1009 2456 moeror
1039 2419 1285 2455 contumax
1303 2406 1385 2475 fit)
1405 2408 1562 2473 spero,

276 2495 326 2531 ut
348 2482 567 2532 desiderio
592 2495 673 2533 tuo
699 2483 808 2533 velis
837 2498 862 2530 a
886 2499 960 2530 me
988 2482 1177 2532 modum
1206 2480 1346 2532 statui.
1372 2476 1375 2479 ”
