1741 2919
310 171 405 218 226
554 171 603 216 L.
648 165 941 215 ANNA-Et
992 166 1348 216 SENECAE

307 278 443 341 pudet
470 275 677 340 congredi
702 294 801 324 cum
829 276 1009 324 homine
1037 276 1156 324 vinci
1184 289 1350 339 param.
1387 274 1585 341 Ignomi-'

307 350 425 396 niam
446 349 606 396 iudicat
630 349 871 413 gladiator,
900 366 1001 397 cum
1035 349 1246 396 inferiore
1275 351 1492 412 componi
1515 362 1588 396 :et

305 422 385 470 scit
413 438 513 469 eum
545 422 630 469 fine
654 422 794 486 gloria
818 423 966 482 vinci,
993 424 1071 486 qui
1106 423 1193 469 sine
1219 424 1420 485 periculo
1446 422 1589 469 vinci-

305 505 391 541 tur.
412 494 530 541 Idem
548 493 653 541 facit
672 494 864 553 fortuna,
886 495 1142 543 fortiffimos
1165 496 1239 542 fibi
1257 514 1380 559 pares
1399 497 1587 561 quaerit,

305 569 522 632 quosdam
549 567 723 615 fastidio
748 569 908 616 tranfit.
953 571 1395 618 Contumacissimum
1426 587 1586 634 quem-

307 658 394 705 que
423 654 466 689 et
486 641 766 688 reffiffimum
796 642 1074 705 aggreditur,
1096 643 1302 690 adversus
1328 661 1460 707 quem
1490 643 1587 690 vim

306 714 425 761 suam
456 713 666 779 intendat.
709 716 855 776 Ignem
878 715 1098 777 experitur
1125 716 1168 761 in
1198 717 1383 773 Muci0‚
1404 731 1590 779 pauper-

306 798 442 833 tatem
468 786 512 832 in
538 785 764 842 Fabricio,
793 785 987 832 exsilium
1011 786 1055 832 in
1078 788 1271 847 Rutilio,
1298 802 1516 835 tormenta
1544 789 1589 835 in

306 861 513 925 Regulo,
544 877 764 908 venenum
789 861 834 906 in
856 861 1063 918 Socrate,
1098 874 1288 908 mortem
1321 862 1367 908 in
1399 864 1587 912 Catone.

308 937 521 997 Magnum
555 932 804 999 exemplum
828 967 844 990 ,
885 932 961 978 nisi
998 933 1108 979 mala
1143 932 1322 980 fortuna
1343 968 1356 992 ‚
1397 950 1486 979 non
1523 934 1589 979 in-

309 1008 444 1055 venit.
485 1006 640 1054 Infelix
670 1006 731 1054 est
761 1006 959 1063 Mucius,
994 1008 1119 1070 quod
1148 1009 1323 1055 dextera
1352 1009 1474 1072 ignes
1502 1008 1587 1054 ho·

307 1079 434 1127 stium
459 1079 640 1142 premit,
665 1093 708 1127 et
735 1078 823 1143 ipse
844 1096 867 1125 a
888 1079 930 1126 se
953 1079 1084 1143 exigit
1112 1080 1272 1126 erroris
1300 1080 1362 1127 sui
1389 1084 1587 1144 poenas?

304 1154 429 1215 quod
451 1154 642 1215 Regem,
669 1169 801 1215 quem
825 1164 987 1198 armata
1011 1169 1141 1198 manu
1165 1169 1257 1198 non
1289 1154 1456 1216 potuit,
1476 1171 1586 1199 exu-

304 1225 368 1272 fla
387 1224 540 1289 fugat?
569 1227 691 1287 Quid
710 1226 852 1289 ergo?
884 1225 1056 1273 felicior
1087 1225 1191 1271 effer
1206 1262 1219 1282 ‚
1250 1225 1278 1271 si
1298 1226 1344 1272 in
1365 1226 1456 1272 finu
1476 1224 1586 1271 ami-

304 1313 385 1344 cae
407 1297 583 1346 foveret
608 1298 818 1345 manum?
848 1297 999 1344 Infelix
1024 1297 1084 1344 est
1103 1298 1346 1354 Fabricius,
1371 1299 1493 1362 quod
1515 1314 1586 1343 rus

305 1371 446 1426 suum,
463 1383 676 1435 quantum
695 1388 718 1417 a
736 1371 956 1434 republica
975 1372 1170 1427 vacavit,
1191 1371 1332 1418 fodit?
1351 1372 1473 1434 quod
1494 1371 1583 1416 bel-

303 1442 394 1489 lum
414 1455 501 1490 tam
522 1460 622 1491 cum
643 1444 837 1508 Pyrrho,
854 1460 982 1506 quam
1001 1462 1102 1491 cum
1121 1444 1287 1492 divitiis
1305 1443 1445 1507 gerit?
1463 1444 1583 1507 quod

301 1516 357 1563 ad
389 1517 540 1565 focum
569 1529 727 1565 coenat
754 1517 843 1565 illas
869 1516 979 1580 ipsas
1004 1518 1197 1574 radices,
1218 1529 1260 1563 et
1277 1517 1453 1573 herbas,
1477 1532 1584 1580 quas

304 1581 351 1637 in
377 1607 486 1655 agro
513 1591 791 1656 repurgando
815 1590 1088 1653 triumphalis
1115 1591 1242 1637 senex
1270 1589 1433 1636 vulsit?
1456 1590 1579 1650 Quid

303 1661 448 1726 ergo?
476 1661 651 1710 felicior
676 1662 783 1710 effet
800 1698 814 1720 ‚
840 1661 870 1707 fi
900 1661 944 1707 in
972 1671 1174 1708 ventrem
1201 1660 1322 1707 suum
1349 1660 1582 1724 longinqui

301 1735 446 1782 litoris
473 1735 608 1797 pisces
629 1770 643 1792 ‚
675 1748 719 1782 et
748 1733 974 1798 peregrina
1007 1733 1193 1796 aucupia
1224 1733 1520 1797 congereret?
1551 1732 1580 1778 si

300 1809 551 1873 conchyliis
581 1809 724 1872 superi
747 1821 875 1873 atque
895 1807 1024 1854 inferi
1054 1809 1213 1865 maris,
1240 1805 1471 1869 pigritiam*
1490 1805 1582 1851 sto-

301 1880 448 1929 machi
475 1880 711 1927 nauseantis
733 1880 916 1944 erigeret
932 1884 948 1926 ?
964 1879 994 1926 fi
1015 1880 1180 1943 ingenti
1204 1895 1442 1941 pomorum
1466 1877 1581 1925 strue

301 1955 492 2017 cingeret
513 1955 677 2017 primae
698 1953 868 2001 formae
887 1953 1018 2010 feras,
1035 1967 1181 2017 captas
1197 1951 1332 1999 multa
1352 1952 1482 1998 caede
1501 1969 1580 1998 ve-

302 2029 497 2076 nantium
518 2030 534 2075 ?
563 2028 717 2076 Infelix
744 2027 804 2077 est
827 2028 1041 2086 Rutilius,
1064 2028 1188 2092 quod
1214 2026 1291 2090 qui
1309 2025 1430 2072 illum
1455 2026 1577 2072 dani-

302 2100 559 2158 naverunt,
595 2102 767 2150 causam
805 2102 953 2149 dicent
987 2101 1193 2148 omnibus
1225 2099 1416 2148 seculis?
1454 2100 1577 2163 quod

296 2172 511 2236 aequiore
535 2173 686 2220 animo
713 2173 856 2236 pass'us
885 2173 946 2221 est
973 2173 1015 2220 se
1034 2173 1196 2237 patriae
1214 2172 1350 2235 eripi,
1377 2189 1505 2236 quam
1526 2173 1583 2218 fi-

300 2244 346 2290 bi
372 2244 597 2293 exsilium?
631 2246 769 2306 Quod
794 2246 932 2293 Sullae
954 2244 1154 2293 dictatori
1176 2245 1291 2292 solus
1315 2246 1479 2309 aliquid
1502 2263 1578 2292 ne-

297 2317 447 2381 gavit,
465 2329 506 2363 et
530 2330 761 2366 revocatus
779 2335 870 2365 non
890 2333 1056 2365 tantum
1078 2332 1200 2366 retro
1220 2319 1365 2379 ceint,
1383 2320 1456 2367 sed
1478 2321 1578 2367 lon-

299 2390 396 2452 gius
421 2390 562 2453 fugit?
588 2392 812 2451 Viderint,
844 2391 1008 2455 inquit,
1035 2393 1128 2451 isti,
1155 2411 1270 2458 quos
1294 2395 1465 2442 Romae
1497 2394 1575 2440 de·-

301 2463 533 2526 prehendit
561 2463 740 2518 felicitas
762 2480 848 2515 tua.
876 2466 1067 2517 Videant
1093 2468 1262 2534 largum
1285 2469 1331 2518 in
1363 2467 1465 2518 foro
1482 2468 1579 2524 san-3
