1741 2919
331 137 413 183 DE
444 136 988 195 TRANQOELMTATE
1025 136 1214 184 ANIMI.
1323 152 1410 198 273

137 241 347 302 fuerunt,
383 243 577 306 ipsorum
612 242 709 289 illos
744 242 913 289 animos
943 243 1162 301 defidera3
1199 244 1229 290 fi
1262 244 1420 291 mulie-

140 318 276 364 briter
297 331 340 365 et
361 317 518 381 ignave
537 316 730 377 periere,
758 315 865 362 nihil
894 316 1036 385 periit.
1057 319 1142 363 Aut
1161 317 1280 380 digni
1299 316 1420 374 sunt,

142 407 334 453 quorum
352 390 493 438 virtus
515 389 595 436 tibi
615 388 804 451 placeat:
826 400 900 434 aut
918 387 1114 452 indigni,
1132 407 1323 453 quorum
1342 391 1424 437 de-

143 464 352 510 fideretur
376 463 564 527 ignavia.
591 461 714 522 Quid
750 460 868 507 enim
902 459 961 505 est
996 461 1191 524 turpius,
1226 480 1357 527 quam
1394 463 1427 509 fi

144 535 324 582 maximi
343 535 428 582 viri
448 533 626 580 timidos
644 531 817 578 fortiter
839 532 1076 579 moriendo
1094 531 1286 580 faciunt?
1313 537 1426 580 Lau-

147 611 299 657 demus
325 607 456 656 toties
481 607 665 669 dignum
697 604 922 662 laudibus,
950 615 991 650 et
1017 604 1213 651 dicamus
1239 623 1249 651 ε
1280 607 1430 651 Tanto

146 682 309 730 fortior
323 718 336 741 ‚
355 694 476 728 tanto
495 679 668 728 felicior
686 677 695 725 ἔ
717 678 931 724 humanos
949 676 1133 741 effugisti
1156 678 1275 726 ca'sus
1288 716 1301 737 ,
1320 680 1433 727 livo-

147 773 239 801 rem
259 790 272 810 ,
305 753 542 800 morbum:
577 749 699 797 existi
742 768 798 798 ex
827 750 1052 797 custodia:
1080 768 1171 798 non
1197 769 1245 799 tu
1277 754 1431 816 dignus

150 826 261 873 mala
295 824 471 872 fortuna
504 823 585 870 diis
613 821 732 870 visus
754 838 829 880 es,
864 821 935 868 sed
972 821 1176 885 indignus
1219 824 1264 870 in
1298 841 1430 887 quem

149 899 236 947 iam
265 898 428 962 aliquid
447 897 622 944 fortuna
640 892 794 958 poss‘et.¹
840 896 1189 944 Subducentibus
1222 914 1333 945 vero
1359 898 1432 964 se,

150 987 194 1020 et
228 973 273 1018 in
304 971 396 1034 ipsa
429 982 572 1017 morte
620 970 674 1015 ad
708 969 842 1016 vitam
879 969 1212 1031 respecientibus
1233 1003 1246 1027 ,
1283 988 1438 1023 manus

152 1044 411 1090 iniiciendae
443 1042 550 1089 sunt.
580 1040 816 1087 Neminem
848 1038 967 1086 flebo
1002 1041 1191 1101 laetum,
1212 1044 1437 1091 neminem

153 1114 346 1163 flentem.
385 1115 455 1160 ille
494 1113 689 1160 lacrimas
733 1129 849 1159 meas
880 1111 968 1175 ipse
1002 1112 1222 1163 abstersit:
1250 1117 1320 1164 hic
1354 1118 1439 1164 suis

153 1188 340 1237 lacrimis
381 1186 552 1245 effecit,
584 1204 638 1234 ne
678 1186 773 1234 ullis
795 1185 949 1250 dignus
978 1185 1041 1235 fit.
1072 1190 1167 1251 Ego
1203 1188 1441 1236 Herculem

154 1262 283 1309 fleam
300 1298 314 1321 ‚
342 1261 466 1325 quod
491 1261 623 1307 vivus
649 1260 818 1315 uritur;
846 1271 917 1305 aut
946 1261 1190 1329 Regulum,
1221 1264 1343 1326 quod
1372 1274 1442 1310 tot

157 1335 291 1382 clavis
322 1332 591 1395 configitur3
619 1345 692 1378 aut
727 1332 945 1378 Catonem
964 1369 978 1391 ‚
1010 1336 1133 1398 quod
1163 1337 1344 1383 vulnera
1369 1336 1443 1383 sua

157 1409 331 1455 fortiter
348 1408 445 1454 tulit
462 1406 478 1452 ?
501 1407 671 1452 Omnes
688 1404 753 1451 isti
770 1406 858 1453 levi
877 1408 1090 1470 temporis
1110 1409 1301 1473 impensa
1318 1412 1444 1460 inve-

160 1490 315 1526 nerunt
327 1514 342 1536 ‚
363 1477 596 1541 quomodo
613 1475 778 1523 aeterni
796 1474 975 1524 fierent:
995 1480 1050 1526 ad
1069 1481 1442 1533 immortalitatem

159 1549 395 1596 moriendo
410 1558 641 1596 venerunt.
659 1547 731 1593 Est
748 1561 791 1594 et
808 1547 878 1593 illa
897 1549 1225 1600 solicitudinum
1245 1572 1335 1602 non
1353 1574 1446 1605 me-

161 1622 328 1670 diocris
349 1622 555 1676 materia,
579 1620 611 1667 fi
631 1633 674 1668 te
690 1620 816 1667 anxie
840 1638 1110 1686 componas,
1137 1643 1216 1674 nec
1241 1629 1315 1675 ulii
1341 1630 1449 1680 sim-r

161 1696 331 1759 pliciter
353 1694 552 1742 ostendas
572 1712 582 1740 :
607 1694 745 1759 qualis
773 1694 1013 1743 multorum
1034 1699 1124 1746 vita
1145 1699 1205 1747 est
1220 1738 1231 1759 ‚
1254 1701 1353 1760 fista
1368 1739 1383 1762 ‚
1404 1716 1449 1751 et

162 1768 445 1816 ostentationi
465 1782 628 1831 parata.
651 1769 856 1831 Torquet
875 1769 991 1816 enim
1014 1771 1173 1820 affidua
1195 1774 1449 1823 observatio

162 1842 223 1889 sui
237 1879 254 1900 ‚
282 1855 326 1890 et
352 1841 618 1906 deprehendi
647 1841 790 1897 aliter,
818 1859 868 1890 ac
893 1842 1029 1902 solet,
1060 1847 1240 1893 metuit:
1263 1865 1341 1897 nec
1360 1868 1449 1897 un-

164 1933 295 1979 quam
318 1932 422 1963 cura
442 1915 684 1973 solvimur,
713 1916 790 1962 ubi
820 1917 949 1963 toties
977 1934 1058 1964 nos
1083 1918 1293 1967 aestimari
1320 1935 1450 1985 puta-

167 2006 292 2048 mus,
325 1989 497 2052 quoties
525 1988 669 2051 aspici.
702 1989 815 2034 Nam
845 2003 890 2036 et
919 1993 1052 2038 multa
1084 1991 1309 2052 incidunt,
1339 2013 1451 2059 quae

166 2062 334 2110 invitos
353 2062 575 2109 denudent
595 2077 607 2105 ε
630 2072 672 2107 et
692 2075 737 2107 ut
758 2061 868 2108 bene
886 2064 1016 2111 ‘cedat
1045 2077 1161 2112 tanta
1182 2066 1243 2112 sui
1264 2067 1451 2133 diligen«

168 2135 226 2181 tia
241 2171 254 2193 ,
281 2152 371 2183 non
395 2149 542 2182 tamen
567 2135 761 2181 iucunda
783 2136 873 2182 vita
890 2170 902 2188 ‚
923 2150 994 2184 aut
1013 2138 1162 2186 secura
1179 2141 1239 2186 est
1255 2177 1268 2199 ,
1287 2142 1453 2206 semper

171 2208 248 2254 sub
274 2209 457 2270 persona
472 2213 478 2237 ·‘
491 2209 756 2257 viventium.
789 2211 850 2257 At
874 2210 942 2257 illa
969 2225 1178 2275 quantum
1210 2213 1340 2261 habet
1370 2234 1454 2264 vo-

171 2277 368 2340 luptatis,
389 2279 548 2328 sincera
567 2293 610 2326 et
631 2296 707 2343 per
723 2279 763 2327 se
784 2293 937 2328 ornata
957 2281 1228 2345 simplicitas,
1247 2285 1353 2332 nihil
1371 2289 1456 2333 ob⁴⁵

174 2353 356 2399 tendens
375 2354 572 2400 moribus
592 2354 705 2400 suis?
725 2356 850 2402 Subit
870 2369 1014 2403 tamen
1035 2371 1077 2404 et
1096 2359 1201 2405 haec
1225 2377 1251 2407 v
1255 2360 1314 2405 ita
1341 2377 1454 2408 con«

178 2438 331 2472 temtus
347 2427 613 2486 periculum,
631 2425 661 2472 fi
675 2429 827 2475 omnia
841 2430 1047 2479 omnibus
1062 2443 1221 2494 patent.
1236 2432 1329 2480 sunt
1340 2434 1458 2482 enim

242 2491 289 2536 L
313 2495 436 2538 Atm.
468 2496 520 2537 335
506 2511 633 2542 mea
666 2497 762 2540 Vol.
785 2496 823 2540 I
1171 2499 1200 2543 S
