1741 2919
283 142 345 200 78
549 138 1347 224 Ι..ΑΝῙ;ΙΑΕῙ3ΕΝΕ(;ΑΕ

283 248 532 305 detinebat,
551 260 595 294 et
628 246 763 293 stabat
795 247 1053 309 percuffuro
1089 250 1249 299 similis.
1279 254 1575 318 Interrogatus

284 324 444 371 deinde
474 324 528 369 ab
558 322 706 370 amico
723 359 737 381 ,
762 323 838 385 qui
865 322 983 370 forte
1002 324 1323 386 intervenerat,
1350 329 1574 392 quidrage-

283 399 384 445 ret?
425 397 598 461 Exigo,
634 397 780 460 inquit
801 430 814 453 ‚
849 415 1013 460 poenas
1051 402 1104 454 ab
1137 402 1319 448 bomine
1349 402 1577 449 iracundo.

285 471 422 518 Velut
441 471 616 534 stupens
631 507 642 528 ,
664 470 831 535 gestum
860 471 981 517 illum
1012 473 1215 521 saevituri
1243 474 1490 521 deformem
1512 473 1579 520 sa·

283 544 423 608 pienti
454 544 559 591 viro
588 543 821 601 servabat,
841 535 1112 593 oblitusviam
1144 547 1256 595 servi
1278 566 1288 594 ε
1315 546 1417 611 quia
1444 547 1577 592 alium

285 634 419 680 quem
440 615 588 678 potius
606 615 830 678 castigaret
849 647 863 670 ‚
885 615 1130 666 invenerat.
1150 623 1299 683 Itaque
1315 619 1486 666 abstulit
1502 619 1580 665 fibi

284 690 333 736 in
361 691 464 738 suos
488 690 747 753 potestatem
766 725 778 748 ,
806 702 849 735 et
868 691 929 736 ob
950 706 1179 755 peccatum
1205 695 1431 758 quoddam
1452 710 1580 740 com-

283 763 480 822 motior,
499 765 591 820 Tu,
610 762 754 827 inquit
768 799 781 820 ,
803 765 1062 829 Speufippe,
1082 766 1302 814 servulum
1324 767 1452 813 istum
1473 783 1580 814 ver·-

284 838 464 886 beribus
484 840 672 903 obiurga
694 856 704 884 :
727 856 826 884 nam
844 856 929 903 ego
946 841 1122 888 irascor.
1145 843 1220 888 Ob
1243 843 1329 889 hoc
1355 859 1446 888 non
1466 841 1580 888 ceci-

286 913 380 970 dit,
411 926 596 977 propter
629 914 753 977 quod
781 915 886 961 alius
917 916 1149 963 cecidiflet.
1184 918 1378 977 Irascor,
1407 917 1582 981 inquit:

285 988 382 1051 plus
410 987 566 1034 faciam
590 1000 954 1051 quam'oportet:
982 990 1185 1037 libentius
1211 988 1385 1038 faciam.
1408 1007 1499 1036 non
1532 988 1583 1036 fit

285 1059 364 1108 iste
388 1061 535 1108 servus
554 1061 600 1107 in
631 1061 723 1107 eius
749 1061 963 1127 potestate
978 1099 991 1121 ,
1022 1063 1097 1126 qui
1118 1063 1163 1109 in
1184 1063 1256 1110 sua
1279 1081 1371 1110 non
1394 1064 1469 1111 est.
1489 1063 1586 1109 Ali-

285 1134 384 1197 quis
415 1134 515 1182 vult
545 1135 659 1181 irato
693 1135 916 1181 committi
945 1135 1159 1181 ultionem
1177 1171 1190 1194 ,
1221 1152 1322 1181 cum
1350 1135 1474 1182 Plato
1502 1134 1583 1181 fibi

286 1205 377 1268 ipse
409 1205 646 1269 imperium
679 1206 992 1270 abrogaverit?
1025 1208 1147 1255 Nihil
1176 1208 1257 1255 tibi
1281 1207 1408 1255 liceat
1428 1244 1442 1267 ‚
1478 1209 1585 1255 dum

286 1278 496 1326 irasceris.
516 1284 683 1342 quare?
705 1280 806 1344 quia
826 1281 894 1328 vis
919 1281 1069 1329 omnia
1090 1281 1234 1329 licere.
1259 1283 1406 1344 Pugna
1433 1295 1584 1328 tecum

287 1352 393 1414 ipse.
408 1351 438 1396 fi
457 1352 566 1398 iram
586 1352 768 1399 vincere
789 1370 882 1400 non
901 1367 1050 1417 potes,
1073 1354 1142 1401 illa
1157 1369 1201 1402 te
1219 1354 1376 1418 incipit
1392 1354 1587 1403 vincere.

290 1425 336 1471 Si
370 1425 676 1483 absconditur,
709 1425 740 1470 si
770 1426 830 1472 illi
859 1428 1001 1486 egitus
1030 1443 1121 1473 non
1153 1427 1307 1483 datur,
1343 1426 1460 1489 figna
1494 1426 1586 1472 eius

292 1498 534 1544 obruamus
554 1517 562 1541 ε
591 1509 634 1543 et
653 1497 774 1543 illam
790 1534 802 1555 ,
821 1510 1033 1561 quantum
1055 1498 1151 1545 fieri
1169 1498 1313 1562 potest
1327 1534 1342 1558 ‚
1365 1498 1585 1545 occultam

295 1572 600 1635 secretamque
624 1584 864 1620 teneamus.

359 1647 481 1692 Xlll.
516 1647 632 1693 Cum
670 1665 827 1712 magna
856 1648 903 1694 id
934 1647 1080 1695 nostra
1105 1645 1303 1696 molestia
1331 1647 1420 1694 fiet.
1451 1645 1589 1708 Cupit

291 1718 411 1766 enim
433 1717 625 1777 exsilire,
647 1733 691 1766 er
715 1721 948 1766 incendere
967 1721 1144 1779 oculos,
1165 1737 1208 1768 et
1220 1734 1388 1768 mutare
1405 1719 1586 1767 faciem:

291 1792 369 1841 sed
393 1792 424 1839 sl
441 1793 635 1841 eminere
664 1794 726 1840 illi
747 1810 867 1841 extra
900 1812 983 1842 nos
1008 1795 1152 1853 licuit,
1177 1794 1305 1858 supra
1329 1810 1412 1840 nos
1437 1792 1512 1840 est.
1541 1795 1590 1838 In

294 1866 390 1913 imo
423 1866 618 1929 peiroris
654 1867 814 1914 seceffu
845 1868 1138 1926 recondatur,
1176 1866 1432 1931 feraturque
1452 1902 1466 1925 ,
1496 1882 1590 1912 non

297 1937 408 1985 ferat
429 1955 439 1982 :
459 1939 600 1986 immo
619 1939 664 1986 in
685 1940 958 1987 contrarium
980 1940 1131 1987 omnia
1148 1941 1240 1987 eius
1257 1939 1417 1987 indicia
1443 1938 1591 1986 flecta·
1645 1959 1649 1966 ¹

296 2028 409 2059 mus.
436 2012 594 2059 Vultus
613 2014 886 2071 remittatur,
914 2032 1008 2061 vox
1037 2016 1179 2062 lenior
1205 2015 1280 2072 fir,
1310 2013 1470 2077 gradus
1494 2011 1591 2057 len-

298 2087 416 2135 tior:
436 2089 640 2151 paulatim
662 2106 762 2136 cum
782 2089 1076 2144 exterioribus
1098 2088 1309 2134 interiora
1329 2085 1592 2131 formentur.

298 2163 350 2207 ln
369 2162 548 2208 Socrate
578 2161 667 2208 irae
697 2161 865 2226 {ignum
883 2175 1001 2219 erat,
1029 2176 1190 2209 vocem
1219 2159 1501 2214 submittere,
1519 2157 1592 2203 lo-

297 2234 374 2296 qui
404 2234 587 2297 parcius.
611 2235 851 2297 apparebat
883 2246 987 2280 tunc
1018 2234 1139 2279 illum
1169 2230 1243 2278 fibi
1278 2229 1461 2276 obstare.
1493 2228 1594 2275 De-

297 2305 647 2367 prehendebatur
666 2306 814 2370 itaque
832 2323 855 2351 a
868 2304 1172 2363 familiaribus,
1191 2313 1232 2350 et
1242 2303 1589 2365 coarguebatur:

299 2395 382 2424 nec
403 2394 496 2425 erat
516 2380 579 2425 illi
605 2380 896 2443 exprobratio
917 2380 1123 2425 latitantis
1142 2379 1230 2423 irae
1259 2377 1437 2439 ingrata.
1468 2371 1592 2439 Quid

299 2449 347 2496 ni
382 2451 619 2514 gauderet,
654 2453 776 2515 quod
812 2452 1075 2499 iramtuatn
1114 2451 1240 2518 multi
1272 2450 1588 2513 intelligerent,
