1741 2919
298 136 398 185 DE
438 135 1017 185 PROVIDENTIA
1052 134 1285 183 LIBER.
1355 148 1471 199 235,

167 241 284 304 paffa
307 243 382 289 est-
408 244 637 303 Quaedam
664 241 850 305 separari
879 259 902 288 a
931 242 1194 306 quibusdam
1221 255 1311 287 non
1341 237 1451 301 pose

172 315 297 374 sunt,
323 317 586 375 cohaerent,
616 315 846 363 individua
871 315 981 362 sunt.
1007 315 1230 377 Languida
1251 313 1453 376 ingeniag

172 400 214 433 et
244 388 288 432 in
310 388 512 435 somnum
543 389 682 443 itura,
711 401 786 433 aut
811 387 855 431 in
882 387 1076 451 vigiliam
1108 385 1455 446 somnqfimilli-

170 478 287 507 mam
301 498 314 519 ‚
334 461 544 509 inertibus
566 463 797 509 nestuntur
816 461 1063 508 elementis:
1082 476 1129 508 ut
1148 460 1363 507 efficiatur
1383 459 1454 505 vir

170 550 272 580 cum
293 552 391 581 cura
412 535 644 589 dicendus,
669 534 854 581 fortiore
886 534 976 581 fato
1002 551 1116 598 opus
1141 533 1214 581 est.
1240 534 1347 579 Non
1370 532 1455 580 erit

170 606 232 652 illi
269 608 443 669 planum
472 607 554 652 iter
581 625 591 653 :
622 607 786 653 sursum
819 620 999 669 oportet
1035 623 1084 654 ac
1116 606 1320 654 deorsum
1358 618 1458 663 eat,

171 679 429 735 flufhletun
455 697 504 727 ac
523 681 753 744 navigium
773 681 818 725 in
837 681 1016 727 turbido
1036 692 1168 743 regat.
1187 692 1342 728 contra
1359 680 1457 726 for-

176 763 327 799 tunam
350 752 409 798 illi
430 756 642 801 tenendus
663 754 722 801 est
749 755 912 801 cursus.
936 755 1074 800 Multa
1103 755 1301 801 accident
1323 756 1459 809 dura,

174 824 344 887 aspera,
366 825 437 872 sed
457 842 568 888 quae
594 828 762 873 molliat
785 840 829 873 et
856 827 1109 889 complanet
1123 826 1225 888 ipse.
1254 825 1365 890 Ignis
1384 843 1461 872 au-

176 915 275 946 rum
307 898 490 961 probat,
520 898 688 945 miseria
724 898 862 946 fortes
894 899 1030 946 viros.
1067 899 1184 944 Vide
1214 916 1345 961 quam
1375 898 1461 944 alte

174 971 406 1019 ascendere
432 971 587 1019 debeat
606 971 744 1019 virtus
764 990 774 1018 ;
801 971 906 1020 scies
923 967 982 1018 illi
1002 987 1093 1018 non
1113 987 1192 1034 per
1214 971 1359 1018 secura
1377 987 1459 1019 va-

176 1045 367 1091 dendum
387 1043 488 1092 effe.

242 1155 398 1200 Ardua
410 1155 550 1214 prima
566 1156 634 1200 via
656 1155 731 1221 est,
760 1151 802 1200 ὃ*
822 1172 903 1215 qua
926 1157 1002 1199 vix
1022 1173 1141 1200 mane
1160 1170 1329 1201 recentes

238 1229 479 1273 Enituntur
495 1231 585 1288 equi
605 1246 620 1273 .·
641 1231 772 1272 medio
792 1229 844 1292 est
859 1227 1054 1288 altiffima
1073 1232 1179 1274 coelo
1200 1246 1215 1272 .·

243 1302 372 1345 Unde
399 1318 508 1344 mare
527 1298 569 1345 δ’
589 1317 715 1346 terras
740 1301 818 1364 ipsi
832 1302 1063 1361 milzifizepe
1082 1305 1212 1347 videre

239 1374 282 1416 F
279 1374 313 1416 ic
330 1373 480 1426 timor,
501 1369 543 1417 δ’
554 1375 715 1433 pavida
733 1376 904 1434 trepidat
911 1374 1140 1433 formidine
1153 1374 1305 1434 peslus.

239 1446 400 1489 Ultima
414 1463 549 1504 prona
566 1447 636 1490 vla
655 1446 707 1509 est
718 1480 732 1503 ,
753 1444 795 1491 θ’
814 1463 895 1508 eget
914 1448 1189 1492 moderamine
1212 1463 1327 1492 certo.

241 1522 362 1566 Tunc
378 1522 502 1565 etiam
516 1555 527 1576 ‚
553 1539 655 1581 quae
674 1521 935 1581 nzefitbieffis
953 1522 1106 1580 excipit
1124 1520 1255 1565 undis
1270 1553 1284 1575 ,

241 1594 305 1637 Ne
314 1592 433 1651 ferar
448 1594 494 1637 in
512 1611 705 1653 praeceps
720 1627 734 1650 ,
767 1594 920 1653 Tethys
923 1594 1035 1653 solet
1051 1593 1143 1654 ipstz
1163 1594 1297 1637 vereri.

177 1702 298 1747 Haec
320 1716 420 1747 cum
439 1699 620 1746 audiss'et
638 1700 709 1747 ille
732 1701 967 1762 generosus
987 1699 1239 1747 adolescens
1254 1731 1268 1755 ‚
1288 1699 1461 1756 Placen

176 1774 319 1835 inquit
332 1808 345 1830 ‚
361 1773 447 1820 via.
467 1772 664 1819 escendo.
684 1773 745 1818 est
763 1774 872 1819 tanti
892 1790 971 1837 per
988 1772 1065 1820 ista
1082 1773 1145 1821 ire
1161 1772 1333 1823 casuro.
1352 1774 1460 1819 Non

173 1847 329 1895 definit
350 1862 495 1893 acrem
521 1847 715 1892 animum
746 1859 868 1893 metu
890 1847 1086 1894 territare
1108 1864 1120 1893 :

243 1959 385 2016 thue
401 1956 516 2001 viam
535 1970 671 2002 teneas
686 1992 698 2014 ‚
716 1959 909 2016 nulloque
926 1974 1049 2001 errore
1066 1956 1242 2002 traharis
1257 1991 1275 2014 ‚

239 2031 324 2075 Per
339 2045 476 2075 tamen
495 2031 653 2094 adverst
660 2032 860 2092 gradieris
879 2049 1033 2076 cornua
1053 2034 1164 2077 tauri
1176 2066 1190 2085 ‚

239 2105 551 2164 Aemoniosque
569 2123 710 2159 arcus,
735 2105 978 2166 violentique
995 2124 1068 2150 ora
1086 2106 1229 2151 leonis.

174 2220 276 2270 Post
299 2221 408 2269 haec
427 2221 516 2269 ait:
541 2224 670 2285 Iunge
699 2228 821 2270 datos
851 2241 1004 2271 currus.
1029 2222 1096 2270 his
1120 2223 1277 2286 quibus
1300 2223 1450 2271 deter-

171 2293 258 2340 reri
284 2310 355 2340 me
374 2309 526 2357 putas,
557 2296 719 2345 incitor
741 2316 750 2343 :
774 2298 881 2344 libet
905 2296 994 2343 illic
1018 2295 1125 2342 stare
1141 2331 1154 2348 ,
1177 2294 1252 2341 ubi
1278 2295 1366 2358 ipse
1386 2294 1449 2342 sol

170 2364 372 2427 trepidat.
400 2365 575 2416 humilis
602 2382 647 2418 et
666 2368 818 2417 inertis
840 2367 928 2425 est,
955 2379 1049 2416 tuta
1069 2366 1241 2415 seehiri:
1260 2383 1340 2431 per
1368 2367 1451 2415 alta

169 2450 311 2488 VlrtUS
332 2453 380 2489 lt·
