1741 2919
261 171 337 205 ΧΠ
495 159 825 206 NoTiTIA
876 159 1304 206 LITERARIA

260 264 447 327 posuisse
484 266 531 312 se
560 266 699 312 innuit
731 266 818 328 ipse
852 283 944 328 cap.
989 267 1055 313 18.
1101 267 1268 313 prodiit
1305 265 1529 328 separatIm

261 347 297 374 a.
333 330 448 391 1498
470 366 481 388 ‚
501 350 543 388 4.
580 343 626 375 ut
658 331 854 387 videtur,
873 330 1066 393 Lipsiae:
1087 333 1137 378 &
1158 332 1289 395 Lugd.
1312 333 1355 376 B.
1401 333 1531 378 1602.

264 412 302 452 4.
342 397 489 439 Germ.
530 395 682 440 Hamb.
723 396 760 441 8.
804 412 933 458 1754-

333 475 398 504 10.
426 462 497 504 De
519 464 617 504 Vita
649 463 765 505 beata
789 462 842 506 ad
865 461 1042 507 fratrem
1065 461 1312 511 Gallionem
1334 459 1421 507 sive
1435 461 1531 506 No-

257 534 422 573 vatum.
456 525 587 570 Liber
607 524 649 570 in
667 523 752 571 fine
773 527 959 572 mutilus.
985 528 1057 570 De
1073 529 1160 572 vita
1186 529 1302 571 beata
1320 525 1375 571 ad
1397 526 1532 571 Sene-

261 604 336 632 cae
364 590 612 651 exemplum
634 588 795 651 scripsit
815 591 943 637 etiam
957 592 998 637 S..
1015 590 1270 637 Ambrosius
1290 590 1408 636 libris
1423 591 1532 636 duo-

259 652 353 708 bus,
373 653 416 697 in
435 671 627 716 quorum
643 654 800 715 prioris
814 655 1022 716 capitibus
1043 657 1229 712 duobus,
1247 655 1431 700 maxime
1451 671 1533 716 po-

260 716 456 773 stremis,
488 720 646 775 docet,
667 736 715 764 ea
738 736 847 782 quae
866 721 919 766 de
938 720 1137 768 beatitate
1161 719 1357 782 sapientis
1388 719 1533 780 dispu-

259 796 352 828 tant
378 784 546 840 Stoici,
581 784 728 830 verius
763 784 850 830 dici
880 784 999 847 poffe
1038 786 1091 831 de
1121 786 1299 831 homine
1325 783 1531 830 Christia-
1560 781 1563 785 ’

260 863 333 892 no.
368 848 477 894 Vide
505 850 560 895 T.
601 866 636 894 1.
669 848 771 894 edit.
797 849 1119 897 Benedictinor.
1155 854 1197 912 p.
1227 866 1322 913 454
1340 849 1425 911 seq
1451 851 1530 894 Re·

258 913 350 955 fzati
385 914 430 957 C
427 914 544 972 mes
516 932 543 958 ι
579 911 974 960 animadversiones
1006 915 1077 961 ad
1094 916 1300 961 Senecam
1340 913 1394 958 de
1427 912 1532 960 Vita

259 975 384 1022 beata
411 979 608 1040 leguntur
646 990 766 1039 parte
802 979 942 1053 prima
970 980 1063 1025 eius
1099 978 1398 1041 Epistolarum.

331 1058 398 1088 11.
433 1044 531 1089 Pars
558 1042 653 1087 libri
689 1045 734 1086 de
763 1047 843 1089 otio
878 1060 951 1089 aut
973 1041 1120 1107 ficeffic
1141 1045 1347 1104 sapientis
1369 1074 1385 1098 ,
1418 1042 1531 1091 male

259 1103 368 1151 olim
401 1123 565 1152 annexa
600 1106 810 1166 superiori
849 1108 973 1153 libro.

330 1188 395 1216 12..
419 1174 492 1218 De
520 1172 731 1223 Beneficiis
762 1175 853 1218 libri
890 1175 995 1218 Vll.
1019 1172 1070 1218 ad
1108 1171 1340 1216 Aebutium
1362 1171 1533 1217 Libera-

257 1234 373 1289 lem,
395 1235 756 1304 Lugdunensem,
759 1237 894 1281 cuius
915 1237 1080 1282 mentio
1102 1233 1234 1296 Epist.
1263 1251 1338 1296 9¹·
1369 1237 1413 1280 ln
1434 1236 1533 1298 qui-

195 1294 210 1314 ⁴²
257 1298 436 1344 busdam
462 1296 726 1351 editionibus
757 1300 957 1344 Eburtius
992 1299 1171 1355 dicitur,
1203 1299 1255 1344 ab
1285 1299 1460 1345 auctore
1481 1299 1533 1344 li-

256 1364 323 1407 bri
356 1364 409 1408 de
440 1363 540 1407 vitis
573 1361 936 1423 Philosophorum
969 1365 1185 1424 Eusebius.
1219 1362 1405 1409 Videtur
1425 1363 1540 1411 illud

255 1444 366 1488 opus
396 1427 606 1489 respicere
629 1427 788 1472 Seneca
809 1427 938 1489 Epist.
967 1430 1038 1474 81.
1070 1428 1273 1489 Epitome
1278 1444 1304 1472 n
1336 1425 1428 1473 eius
1465 1427 1533 1472 la·-

254 1492 344 1537 tine
382 1490 662 1538 concinnavit
691 1493 864 1537 Iacobus
892 1492 1533 1554 Sorgaeruslen.1611‚8.1n

255 1556 437 1617 oratiam
469 1556 743 1610 Eleonorae‚
777 1557 929 1602 Cosmi
951 1559 979 1601 1.
1014 1556 1202 1602 Medicei
1224 1554 1422 1618 coniugis
1444 1558 1530 1602 Ita-

254 1621 336 1667 lice
364 1621 496 1667 vertit
535 1620 777 1667 Benedic‘ias
825 1623 1028 1667 Varclzius
1070 1621 1256 1667 Florent.
1304 1635 1454 1683 1554,
1487 1637 1532 1678 4.

254 1686 433 1745 repetita
465 1685 589 1746 saepe
618 1684 759 1731 versio
782 1685 841 1732 est
869 1689 1022 1732 Venet.
1062 1688 1174 1750 1561
1194 1720 1207 1742 ‚
1240 1701 1307 1737 12.
1342 1685 1535 1732 Florent.

262 1767 380 1813 1574
397 1782 409 1803 ‚
432 1752 472 1796 8.
512 1750 631 1813 1584
650 1781 664 1804 ‚
688 1766 732 1807 4.
770 1751 935 1796 Gallice
968 1750 1063 1813 post
1090 1752 1319 1797 Salverium
1340 1753 1530 1796 Accum-

254 1831 341 1861 tmn
363 1814 608 1878 (Saulveur
628 1815 873 1878 Accaurat)
894 1815 1221 1862 Narbonensem
1241 1813 1369 1860 Paris.
1395 1816 1530 1877 1561,

257 1882 297 1926 8.
330 1881 578 1939 Francifi‘us
610 1882 886 1936 Malkerbius,
919 1879 1031 1926 inter
1049 1879 1168 1927 cuius
1198 1878 1408 1941 opuscula
1436 1879 1528 1925 sae-

255 1944 352 2004 pius
366 1945 652 2006 prodierunt,
678 1960 725 1991 ut
748 1916 1086 2008 Ai’igustqbonae
1107 1943 1364 1990 Tricaffium
1390 1946 1530 2005 1635,

257 2012 297 2055 8.
324 2025 435 2072 quae
454 2023 519 2055 ter
516 2009 578 2055 tia
605 2009 692 2056 iam
726 2009 785 2055 est
805 2009 955 2055 editio.
989 2010 1167 2062 Librum
1191 2008 1381 2071 primum
1400 2009 1525 2054 etiam

254 2091 308 2120 ve
316 2074 386 2120 stit
416 2073 581 2121 Gallice
605 2078 792 2137 Angelus
824 2077 1040 2135 Capellus,
1063 2073 1186 2120 Paris.
1219 2072 1352 2135 1580.
1379 2074 1426 2118 In
1451 2088 1528 2118 co-

254 2140 350 2184 dice
382 2138 574 2195 quodam
611 2156 741 2185 manu
779 2151 956 2185 exarato
989 2138 1127 2185 Seculi
1153 2138 1229 2184 XI.
1251 2136 1411 2183 bilibri
1436 2152 1527 2182 non

256 2204 368 2249 absit
369 2204 434 2249 de
462 2202 753 2249 inscribuntur
783 2206 830 2248 de
862 2205 1011 2253 dandis
1045 2201 1086 2249 δ’
1113 2204 1354 2264 accipiendis
1385 2202 1528 2259 benefi-

255 2271 342 2313 ciis.
377 2269 490 2313 Vide
523 2268 701 2315 Henrici
736 2268 1061 2330 Pompofiano
1052 2285 1097 2313 m
1132 2266 1398 2313 Monasterio
1423 2265 1527 2312 Cle-

254 2333 332 2378 rici
370 2332 499 2393 Epist'.
541 2333 594 2378 ad
628 2333 918 2395 Stephanum,
957 2333 1097 2378 datam
1136 2347 1174 2377 a.
1213 2346 1346 2392 1093.
1394 2347 1523 2392 quam

253 2398 389 2443 edidit
419 2397 686 2443 Bernhardus
706 2396 995 2443 Montfaucon
1025 2397 1070 2442 in
1101 2395 1261 2445 Diario
1296 2394 1446 2442 Italico
1479 2411 1524 2455 p.

256 2463 329 2509 86.
364 2464 532 2507 cherici
560 2464 720 2508 M‘orelli
749 2462 920 2510 Scholia
946 2462 991 2508 in
1021 2462 1103 2509 hos
1125 2461 1259 2507 libros
1281 2458 1447 2508 exstant
1470 2458 1517 2504 in
