1741 2919
337 177 436 224 DE
483 176 527 221 L.
571 174 900 220 ANNAEO
942 174 1266 220 SENECA.
1355 188 1477 220 xxm

200 282 324 330 bus
313 301 357 330 m
391 283 466 329 fol.
501 282 673 328 Colon.
701 282 833 328 1628.
863 283 997 329 Tom.
1043 301 1077 328 1.
1112 298 1207 344 pag.
1240 283 1327 343 643
1356 281 1480 346 seqq.

198 349 306 394 Non
338 365 475 411 pauca
505 348 635 393 etiam
670 347 724 392 ad
760 348 941 392 verbum
968 363 992 393 e
1022 349 1181 392 Seneca
1213 348 1395 410 repetita
1430 348 1478 394 in

197 417 377 460 Ioannis
394 416 540 460 Bonae
565 412 902 458 manuduffione
928 413 980 457 ad
998 411 1185 458 Coelum
1200 429 1366 475 ‚quam
1388 412 1479 474 ipse

196 478 429 540 profitetur
460 477 694 523 medullam
721 476 947 522 continere
981 477 1234 522 San&orum
1271 479 1478 535 patrum,

197 543 248 589 &
281 557 480 590 veterum
502 541 887 603 Phiiosophorum.
907 543 1020 586 Petri
1040 544 1196 587 Brinclz
1224 542 1476 588 admiranda

192 609 377 654 Senecae
395 607 547 653 Ethica
564 642 577 664 ,
613 607 663 653 &
691 606 873 652 politica
907 608 951 651 in
972 607 1096 652 iocos
1122 623 1379 653 communes
1397 623 1475 653 or-

194 672 296 718 dine
329 673 548 718 literarum
583 670 741 733 digesta
763 707 775 729 ,
807 672 857 717 ὅ(
888 670 1128 716 summariis
1155 687 1204 717 ac
1234 672 1350 718 notis
1378 672 1478 717 illu-

191 735 351 793 strata,
383 738 570 782 necdum
608 736 749 783 lucem
786 735 1022 793 viderunt,
1055 737 1176 797 quod
1205 735 1363 790 sciam,
1399 736 1475 782 etfi

186 800 274 846 iam
303 801 579 863 adpraelum
612 816 758 862 parata
798 813 1103 846 memorantur
1133 798 1176 844 in
1206 801 1351 849 Novis
1379 801 1476 848 lite-

190 865 311 911 ratiis
337 866 466 912 maris
490 865 672 912 Balt'nici
695 866 744 912 &
761 866 872 926 Sept.
901 881 935 910 a.
976 880 1087 924 1703
1114 899 1127 921 ‚
1148 881 1189 926 p.
1222 882 1322 927 134.
1355 867 1475 910 Dio-

191 930 301 994 nyfii
326 931 569 989 Gotlzofredi
590 932 696 976 Loci
717 932 992 975 Communes
1023 946 1046 975 e
1073 930 1232 976 Seneca
1253 965 1265 987 ,
1285 930 1359 992 qui
1383 930 1476 978 eius

192 995 470 1041 Coniefiuris
490 996 540 1041 δε
560 998 614 1041 V.
637 997 684 1040 L.
703 994 746 1040 in
767 995 953 1041 Senecae
973 994 1107 1040 libros
1134 994 1314 1040 subieffl
1345 995 1439 1041 sunt
1456 1030 1474 1054 ‚

191 1075 238 1105 ut
267 1059 392 1121 supra
420 1060 737 1113 indicavimus,
771 1059 857 1105 hoc
889 1060 1045 1105 ordine
1082 1059 1178 1104 sunt
1212 1059 1392 1121 digesti:
1437 1078 1475 1106 1.

189 1123 466 1187 Theologica
485 1160 497 1179 ‚
533 1124 621 1171 five
655 1125 708 1170 de
740 1125 845 1169 Deo
873 1125 922 1170 ἃς
939 1124 1070 1169 rebus
1098 1123 1275 1170 Divinis
1294 1160 1306 1181 ,
1333 1141 1372 1170 2.
1400 1125 1473 1171 Iu-

190 1189 326 1235 ridica
342 1190 396 1234 ad
431 1189 634 1235 ordinem
663 1190 973 1234 PandeRarum
990 1224 1002 1245 ‚
1035 1205 1075 1250 3.
1097 1188 1246 1234 Ethica
1267 1223 1280 1245 ,
1312 1207 1354 1247 4.
1378 1189 1472 1236 Oe-

191 1254 455 1311 cononum,
493 1271 528 1315 5.
557 1253 738 1300 politica
759 1285 771 1306 ‚
802 1256 842 1299 6.
867 1252 1185 1309 Grammatica,
1209 1254 1470 1310 Rhetorica,

189 1317 435 1373 Historica,
481 1337 521 1380 7.
556 1318 828 1375 Diakffica,
868 1322 907 1364 8.
935 1317 1113 1381 Phyfica
1135 1353 1147 1371 ,
1180 1317 1351 1365 Medica
1373 1356 1384 1374 ‚
1419 1320 1470 1366 &

188 1383 523 1437 Maffiemafica,
558 1402 598 1446 9.
633 1383 847 1429 Similium
874 1383 1061 1440 librum,
1101 1384 1151 1429 δέ
1180 1399 1246 1429 10.
1266 1384 1469 1430 Nomen·

189 1448 399 1494 clatorem
423 1448 681 1511 a-dagiorum
700 1483 712 1506 ,
742 1449 791 1494 δε
822 1449 1050 1494 nominum
1085 1448 1366 1509 propriorum
1390 1465 1468 1510 per

186 1513 330 1558 varias
365 1512 511 1559 claffes
543 1512 821 1576 digestorum.
861 1515 893 1558 L
944 1514 1127 1557 Annaeo
1162 1513 1322 1559 Seneca
1367 1513 1469 1559 illu-

186 1576 361 1623 strando
389 1594 444 1623 en
473 1578 668 1625 blasones
706 1578 914 1640 politicos
943 1595 978 1641 y
1009 1576 1195 1623 morales
1234 1594 1318 1639 por
1352 1581 1466 1624 Iuan

185 1643 365 1689 Batenos
402 1646 447 1689 de
481 1644 680 1704 Velasco,
709 1643 872 1689 Madrit
913 1647 1058 1704 1670,
1085 1660 1125 1700 4.
1161 1642 1383 1704 prodiere.

396 1759 449 1803 D
468 1771 499 1805 E
518 1771 551 1804 P
565 1771 597 1803 E
612 1772 644 1803 R
661 1772 700 1803 D
716 1771 741 1803 Ι
756 1771 786 1803 T
803 1770 838 1803 A
887 1761 1063 1803 Senecae
1088 1758 1257 1819 scripta.

247 1855 480 1915 Deperdita
505 1859 675 1901 Senecae
694 1855 853 1915 scrirna
878 1870 902 1899 a
923 1853 1143 1901 veteribus
1163 1865 1464 1901 memorantur

176 1930 311 1987 haec
351 1931 533 1968 notante
566 1932 735 1982 praeter
768 1920 874 1965 aiios
909 1917 1053 1981 Lipfio
1094 1928 1103 1948 ¹
1131 1918 1176 1963 in
1212 1918 1300 1964 vita
1327 1919 1464 1966 Sene-

178 2012 255 2042 cae
290 2011 381 2058 cgp
433 2001 502 2031 10.
541 1985 662 2031 cuius
689 1984 926 2030 observatis
958 1982 1164 2029 nonnulla
1187 1983 1252 2029 adi
1244 1984 1378 2029 ¹‚unxi
1398 1983 1465 2030 Li·

176 2060 287 2120 ber,
316 2059 343 2108 s,
378 2049 487 2106 dial
477 2065 617 2121 gus
648 2053 694 2096 de
709 2051 1024 2117 fizperstitione,
1059 2048 1241 2096 Tertull.
1272 2065 1362 2112 cap.
1395 2065 1466 2095 12.

236 2208 252 2233 1
277 2194 335 2234 De
354 2192 503 2244 scriptis
525 2193 698 2233 Senecae
724 2185 789 2224 de·
852 2198 943 2225 nam
968 2183 1131 2235 plurima
1165 2182 1459 2232 composuerat,

167 2250 338 2300 ·perditis
384 2248 492 2287 differ
497 2247 526 2286 it
565 2248 681 2285 etiam
724 2239 784 2280 Μ.
854 2249 969 2290 atque
985 2236 1207 2287 utouintil.
1233 2238 1298 2284 X
1319 2251 1349 2276 1
1374 2250 1426 2275 tm
1431 2254 1461 2276 c-

167 2304 267 2343 .Ant.
280 2301 406 2342 Delrio
422 2301 634 2352 prolegom.
655 2300 703 2338 ad
720 2301 787 2338 bc-
852 2305 988 2333 taverat
1008 2306 1135 2330 omnem
1149 2291 1259 2341 ferme
1269 2292 1427 2343 stauos-u
1429 2306 1462 2329 m

166 2369 297 2396 :necae
334 2356 569 2406 Tragoedias
608 2354 708 2393 libro
747 2367 781 2391 2.
851 2364 895 2387 m
897 2349 1051 2393 neriam
1078 2360 1156 2384 nam
1178 2344 1212 2382 6
1231 2346 1406 2383 orationes
1426 2361 1458 2382 e-

180 2411 244 2460 qui
272 2410 322 2449 est
342 2411 389 2450 de
410 2411 488 2449 vita
510 2410 678 2449 Senecae
698 2419 782 2455 cap.
851 2403 936 2442 ius.
968 2400 1002 2438 δ’
1027 2414 1147 2454 poem
1136 2411 1187 2437 ιιι
1218 2397 1253 2436 6³
1280 2399 1459 2452 Epzflolae

163 2464 249 2505 ·ult.
280 2469 313 2504 ὁ
351 2465 436 2504 Nic
461 2463 649 2503 Antoniis
685 2459 783 2500 Bibl.
851 2456 886 2495 6⁴
914 2446 1068 2508 Dialogi
1060 2452 1262 2506 swanum

177 2527 257 2559 vet.
297 2499 489 2571 Hispanae
528 2518 557 2568 §.
590 2531 675 2571 117.
707 2513 782 2565 seq.
1114 2562 1143 2608 b
1175 2561 1225 2611 iv
