1741 2919
320 126 411 188 256
544 126 591 171 L
641 121 949 171 ANNAm
1001 125 1372 176 SENECAE

316 233 437 279 natio
459 231 598 279 effert.
622 231 801 295 quidam
819 233 1106 280 urbanitatem
1131 235 1326 284 nesciunt
1346 238 1601 299 continet-e'⁹

315 322 398 351 nec
426 305 679 367 periculosis
699 305 913 353 abstinent
935 306 1101 353 salibus.
1123 308 1344 356 Omnibus
1361 309 1426 357 his
1452 312 1603 358 utilior

316 378 498 440 negotio
528 378 651 442 quies
680 377 753 425 est.
785 377 912 425 ferox
941 378 1259 444 impatiensque
1287 396 1440 430 natura
1461 420 1476 444 ,
1502 386 1602 443 irri-

314 462 503 498 tamenta
522 451 750 498 nociturae
773 452 980 500 libertatis
1004 454 1153 500 evitet.

383 529 439 571 V.
480 525 760 573 Aestimanda
791 525 888 573 sunt
917 527 1075 574 deinde
1105 527 1193 590 ipsa
1211 563 1224 584 ‚
1255 541 1365 591 quae
1395 531 1603 592 aggredi-

314 615 438 657 mur,
466 611 510 646 et
540 600 658 646 vires
679 597 852 645 nostrae
874 616 973 646 cum
992 600 1145 655 rebus,
1176 617 1281 665 quas
1308 602 1514 648 tentaturi
1535 603 1605 649 su-

313 689 442 730 mus,
478 672 816 736 comparandae.
856 670 1008 726 Debet
1046 674 1162 721 enim
1196 674 1368 737 semper
1396 676 1491 737 plus
1520 676 1604 724 effe

314 748 480 795 virium
506 747 551 793 in
579 747 786 804 ιὶεὲὶοτε,
817 762 950 809 quam
980 747 1025 792 in
1056 749 1206 816 odere.
1236 750 1406 796 neceffe
1429 750 1490 797 e'st
1517 768 1603 814 op-

316 820 510 884 primant
534 836 693 877 onera,
723 836 833 882 quae
853 819 1018 867 ferente
1040 820 1210 867 maiora
1230 821 1340 868 sunt.
1371 824 1604 883 Quaedam

315 908 538 959 praeterea
569 911 661 941 non
692 909 782 941 tam
823 912 981 958 magna
1008 896 1103 943 sunt
1136 897 1338 959 negotia,
1368 912 1498 961 quam
1532 899 1603 947 fe-

315 971 489 1029 cunda,
523 971 801 1032 multumque
832 971 1114 1034 negotiorum
1147 971 1304 1019 ferunt.
1329 988 1373 1020 et
1400 973 1506 1021 haec
1534 991 1604 1022 re-

316 1043 521 1106 fugienda
544 1042 665 1097 sunt,
693 1060 746 1088 ex
765 1041 922 1105 quibus
946 1060 1063 1089 nova
1089 1043 1328 1106 occupatio
1353 1045 1604 1109 multiplex·

316 1134 403 1179 que
429 1114 640 1163 nascetur.
679 1117 774 1162 Nec
805 1117 1104 1163 accedendum
1136 1133 1192 1163 eo
1212 1152 1224 1173 ‚
1254 1118 1370 1164 unde
1393 1119 1503 1166 liber
1532 1137 1605 1166 re-

315 1189 479 1254 gressus
499 1206 591 1236 non
622 1189 671 1235 fit
691 1207 702 1235 :
724 1188 794 1235 his
813 1189 1094 1237 admovenda
1121 1206 1273 1237 manus
1299 1191 1387 1251 est,
1411 1211 1605 1257 quorum

316 1266 451 1312 finem
469 1275 542 1311 aut
561 1262 729 1322 facere,
749 1275 825 1310 aut
845 1275 962 1311 certe
982 1264 1006 1310 s
1000 1281 1151 1326 perare
1171 1267 1316 1328 posfis.
1342 1269 1610 1333 Relinquen-

317 1339 401 1398 da,
426 1356 540 1404 quae
567 1339 695 1386 latius
721 1340 817 1386 aitu
849 1341 1123 1402 procedunt,
1153 1358 1233 1389 nec
1257 1343 1335 1390 vbi
1363 1343 1608 1409 proposue-

316 1414 374 1461 ris
393 1447 408 1470 ‚
440 1413 653 1460 desinunt.

293 1485 297 1493 ’
385 1492 462 1537 VI.
497 1489 747 1536 Hominum
779 1487 932 1550 utique
959 1485 1151 1532 deleuus
1178 1485 1404 1533 habendus
1431 1486 1522 1534 este
1553 1505 1608 1535 an

321 1565 441 1629 digni
460 1564 564 1623 fiat,
583 1563 743 1629 quibus
767 1575 932 1626 partem
955 1561 1071 1608 vitae
1093 1560 1264 1608 nostrae
1283 1562 1613 1625 impendamus,

319 1658 372 1688 an
402 1640 453 1686 ad
477 1640 573 1686 illos
601 1637 816 1702 temporis
849 1636 984 1683 nostri
1019 1636 1182 1683 iaetura
1213 1637 1454 1699 perveniat.
1491 1639 1611 1698 Qui-

321 1715 421 1762 dam
445 1713 562 1759 enim
590 1712 708 1759 ultro
727 1711 876 1758 officia
895 1708 1042 1756 nostra
1071 1710 1200 1756 nobis
1221 1710 1451 1772 imputant.
1473 1711 1609 1758 Athe-

322 1789 523 1836 nodorus
542 1787 617 1843 ait,
637 1803 691 1832 ne
707 1786 761 1832 ad
780 1801 967 1833 coenam
987 1783 1166 1847 quidem
1184 1784 1224 1831 se
1243 1784 1409 1830 iturum
1426 1785 1477 1830 ad
1490 1803 1610 1841 eum,

320 1864 397 1927 qui
428 1861 507 1907 fibi
535 1860 596 1906 nil
627 1874 712 1921 pro
743 1857 833 1904 hoc
865 1857 1093 1904 debiturus
1119 1856 1182 1903 fit.
1231 1857 1344 1904 Puto
1375 1857 1611 1921 intelligis,

321 1934 463 1983 multo
496 1932 645 1979 minus
683 1930 738 1977 ad
775 1945 852 1979 eos
884 1931 1048 1977 iturum
1074 1947 1089 1985 ᾖ
1127 1930 1205 1993 qui
1232 1947 1331 1977 cum
1363 1930 1609 1978 amicorum

323 2007 484 2057 officiis
509 2022 660 2070 parem
680 2004 873 2052 mensam
895 2003 1093 2060 faciunt,
1119 2003 1195 2068 qui
1214 2002 1378 2051 fercula
1398 2020 1481 2066 pro
1499 2021 1614 2052 con·

323 2081 474 2147 giariis
503 2092 766 2127 numerant:
790 2079 909 2143 quast
930 2080 976 2126 in
995 2080 1186 2126 alienum
1205 2080 1424 2125 honorem
1455 2078 1614 2126 intem-

325 2172 528 2222 perantes
557 2155 649 2202 fint.
677 2155 825 2201 Deme
854 2155 936 2201 illis
965 2153 1092 2221 testes
1117 2154 1495 2217 speetatoresque,
1521 2169 1613 2199 non

325 2228 556 2278 deleuabit
575 2227 742 2291 popina
760 2226 934 2274 secreta.
951 2226 1328 2273 Considerandum
1352 2225 1441 2284 est,
1465 2241 1614 2273 utrum

328 2319 481 2352 natura
505 2318 579 2350 tua
603 2301 781 2366 agendis
800 2302 930 2349 rebus
945 2337 959 2360 ,
982 2318 1037 2347 an
1062 2300 1210 2348 otioso
1238 2300 1383 2347 studio
1412 2298 1615 2348 contem-

333 2377 604 2440 piationique
624 2375 769 2439 aptior
789 2374 838 2421 fit
857 2390 868 2421 t
889 2389 932 2421 et
946 2390 1003 2421 eo
1021 2373 1318 2421 inclinandum
1335 2409 1349 2432 ,
1368 2389 1463 2436 quo
1484 2385 1526 2419 te
1545 2372 1613 2418 vis

333 2449 498 2514 ingenii
523 2447 671 2498 refert.
699 2449 905 2498 [socrates
925 2447 1152 2511 Ephorum
1171 2447 1327 2496 iniefta
1344 2463 1479 2493 manu
1496 2443 1613 2492 afo-
