1741 2919
233 166 242 181 '
310 162 855 210 DELANNAE'O
894 163 1221 210 SENECA.
1329 175 1435 214 Xvu

161 266 310 326 beata,
329 272 383 317 de
408 270 570 332 septem
592 269 751 316 artibus
776 270 1022 317 liberalibus
1043 272 1168 333 (five
1186 273 1318 336 Epist.
1339 278 1363 322 8
1372 274 1436 339 8.)

157 339 212 384 de
237 335 518 400 providentia
541 335 590 382 &
618 335 672 380 de
699 336 897 382 moribus
918 338 1149 397 Hispanicc
1173 339 1281 386 iuffu
1308 341 1437 387 Ioan-

158 403 224 449 nis
241 404 289 448 11.
310 400 517 447 Castellae
539 399 696 462 Regi3‚
719 399 880 463 Hispali
915 419 1048 465 1491.
1077 403 1127 450 δέ
1144 406 1275 450 Αηῖν.
1305 422 1439 470 1551.

158 471 203 515 8.
234 469 288 514 de
318 464 625 529 providentia,
660 465 714 511 de
746 465 836 512 vita
865 466 986 513 beata
1004 503 1017 521 ,
1041 467 1096 515 de
1126 469 1437 532 tranquillitate

155 531 323 589 animi,
352 532 404 577 de
439 529 679 577 constantia
716 529 945 591 sapientis,
983 533 1036 578 de
1054 530 1274 579 'brevitate
1300 535 1437 592 vitae,

157 599 207 644 &
237 594 481 643 consolatio
513 596 568 641 ad
611 595 846 658 Polybium
881 613 932 643 ac
963 598 1016 643 de
1050 611 1304 660 paupertate
1323 635 1336 657 ‚
1367 600 1439 647 in-

153 674 342 724 terprete
363 697 377 719 ‚
428 662 560 706 Petro
587 662 707 722 Dia(
740 658 983 708 Navarrate
1003 698 1016 719 ,
1050 661 1325 710 Ferdinando
1355 665 1438 712 Hi-

153 727 323 790 spaniae
349 724 508 772 Infanti
540 725 590 772 &
619 725 816 771 [fabellae
855 726 1040 789 Reginae
1074 744 1098 773 a
1129 727 1310 776 secretis.
1343 731 1434 776 Mi-

156 809 256 838 mos
288 792 419 837 etiam
459 791 624 847 vertit,
667 792 717 836 &
760 791 1006 854 paraphrasi
1051 791 1139 839 five
1174 793 1319 856 gloffis
1354 812 1436 842 ex-

154 857 353 919 planavit
407 854 520 902 iuffu
571 855 745 901 loannis
792 858 837 901 11.
890 858 1039 903 Petrus
1083 859 1204 920 Diaz
1254 860 1437 906 Toleta-

155 939 267 969 nus:
311 922 447 967 libros
483 921 535 966 de
579 920 809 967 clementia
845 923 1091 983 Alplzonfits
1125 927 1173 967 de
1216 926 1437 987 Rebenga,

155 1003 288 1049 eques
324 987 612 1035 Alcantarae:
646 985 783 1031 libros
804 986 858 1033 de
890 986 1115 1034 beneficiis
1135 988 1230 1034 Ga(
1228 1006 1302 1049 par
1330 994 1439 1053 Ruiz

156 1050 445 1108 Mondanus,
481 1049 784 1096 Benediffinus
816 1052 1076 1099 Monachus.
1117 1056 1261 1099 Ittzlice
1301 1054 1440 1102 libros

155 1117 209 1163 de
226 1114 452 1162 beneficiis
470 1115 601 1162 vertit
617 1115 874 1163 Benedictus
894 1119 1048 1163 Varcln‘
1061 1150 1075 1172 ,
1095 1119 1285 1165 Florent.
1304 1138 1315 1164 1
1334 1137 1351 1182 5
1367 1137 1440 1183 54,

156 1199 199 1240 4.
228 1181 363 1227 libros
396 1184 442 1226 de
478 1183 540 1225 ira
559 1215 572 1236 ,
605 1179 760 1226 additis
782 1181 895 1227 notis
913 1218 925 1237 ‚
957 1183 1203 1230 Franciscus
1223 1187 1438 1231 Lesdomz-

81 1296 86 1298 .
157 1262 224 1292 tus
244 1281 257 1303 ‚
276 1247 424 1292 Patav.
452 1262 466 1290 1
482 1261 499 1309 5
514 1261 531 1309 5
544 1264 583 1307 9.
601 1246 651 1291 &
685 1249 719 1290 S
722 1247 867 1291 anc‘lus
891 1250 1013 1293 Comi
1040 1252 1146 1293 della
1175 1250 1314 1294 Rocca
1335 1252 1442 1295 Con-

155 1315 277 1356 :rada
312 1312 444 1357 Rom.
474 1313 606 1373 1659.
637 1310 689 1354 ad
718 1311 929 1357 carolum
965 1314 1246 1359 Emanuelem
1279 1317 1326 1359 ΙΙ.
1363 1316 1442 1361 Sa-

155 1375 339 1422 baudiae
372 1376 571 1422 Ducem:
606 1375 815 1440 Epistolas
846 1377 909 1422 lo.
930 1377 1116 1439 Baptista
1146 1382 1305 1425 Domus
1339 1381 1441 1426 Flo-

151 1441 379 1498 rentinus,
418 1443 574 1487 Venet.
615 1457 764 1502 1549,
798 1459 837 1498 4.
872 1443 918 1487 In
951 1441 1223 1491 Bibliotheca
1245 1447 1442 1503 Veneta,

154 1502 428 1553 Thomafino
461 1506 516 1552 de
547 1504 829 1552 Bibliothecis
865 1506 1044 1553 Venetis
1074 1524 1170 1572 pag.
1212 1526 1277 1570 ¹3·
1310 1510 1441 1568 teste,

155 1573 276 1618 MSS.
310 1570 509 1617 visuntur
542 1569 759 1633 Epistolae
781 1572 970 1619 Senecae
992 1604 1006 1629 ,
1030 1573 1211 1620 Etrusco
1232 1573 1442 1621 idiomate

157 1636 376 1699 eleganter
392 1635 577 1697 scriptae
590 1671 604 1693 ‚
621 1651 703 1681 nec
722 1652 812 1681 non
833 1637 877 1682 in
891 1637 1115 1693 Medicea‚
1135 1637 1273 1686 tribus
1294 1657 1444 1686 exem-

156 1701 373 1764 plaribus,
408 1712 456 1748 ut
490 1702 586 1748 Nic.
625 1700 827 1746 Antonio
863 1714 1076 1748 notatum.
1114 1704 1239 1749 Hanc
1271 1704 1442 1752 versio-

156 1783 260 1812 nem
286 1783 373 1813 una
404 1783 506 1814 cum
543 1765 633 1812 aliis
671 1766 905 1812 Hetruscae
933 1767 1167 1830 elegantiae
1199 1770 1249 1814 &
1276 1770 1445 1831 purita-

156 1831 213 1878 tis
245 1829 544 1879 monumentis
580 1831 626 1876 in
662 1830 943 1877 Diffionario
977 1847 1140 1896 magno
1178 1835 1445 1881 Academiae

157 1896 266 1942 della
291 1895 455 1943 Crusca
490 1895 670 1942 laudatis
701 1895 924 1957 publicare
952 1897 1224 1945 instituerunt
1260 1901 1444 1946 Floren-

155 1960 248 2008 tini.
291 1961 498 2024 Denique
533 1961 754 2023 Epistolae
785 1979 886 2008 curn
919 1962 1033 2008 libro
1076 1964 1130 2010 de
1162 1966 1448 2027 providentia

155 2027 337 2072 excusae
371 2026 540 2083 Italice,
579 2037 587 2055 ¹
618 2026 863 2073 Florentiae
881 2043 914 2072 a.
944 2041 1086 2089 1717,
1121 2048 1162 2086 4.
1189 2032 1448 2092 volgariffla-

158 2107 294 2137 mento
326 2089 421 2136 dell’
455 2091 636 2156 Epistole
676 2093 722 2135 di
756 2096 945 2147 Seneca,
983 2112 1001 2138 e
1040 2096 1106 2139 del
1136 2110 1305 2140 trattato
1339 2100 1448 2141 della

158 2157 420 2218 Pr'ovidetzza
447 2160 490 2201 di
525 2158 634 2203 Dio.
663 2157 836 2203 Danice
864 2160 1025 2205 Seneca
1053 2159 1196 2205 lucem
1229 2160 1342 2206 vidit
1362 2162 1445 2206 So-

157 2236 229 2267 rae
258 2223 390 2280 1658.
421 2221 500 2268 fol.
530 2223 706 2267 auclore
728 2223 915 2284 Brigicta
940 2224 1132 2280 Troum,
1162 2223 1325 2270 femina
1346 2243 1448 2271 eru-

158 2285 274 2342 dita,
307 2286 361 2331 de
392 2302 478 2348 qua
513 2285 616 2332 vide
636 2321 650 2343 ‚
683 2286 759 2332 ubi
795 2287 990 2344 lubebit,
1030 2288 1263 2341 Albertu'm
1294 2290 1450 2337 Thura

159 2348 203 2394 in
238 2352 484 2413 Gynaeceo
513 2350 688 2397 Daniae
722 2351 896 2399 literato
934 2370 1030 2417 pag.
1068 2356 1153 2401 116
1187 2354 1276 2419 seq.
1311 2356 1449 2404 Diem

157 2414 271 2461 obiit
301 2416 435 2461 Sorae
468 2432 506 2462 a.
544 2418 678 2462 1662.

219 2506 234 2531 1
267 2492 425 2542 Journal
454 2490 640 2533 litteraire
669 2494 782 2534 Tom.
824 2494 895 2535 IX.
929 2506 968 2546 p.
991 2496 1083 2547 468.

222 2551 272 2595 L.
311 2552 439 2596 Arm.
473 2553 635 2597 Seneca.
665 2554 757 2599 Vol.
792 2553 831 2600 1.
1186 2554 1217 2601 b
