1741 2919
293 154 447 187 XXXII

301 1073 400 1114 1559

304 1117 400 1169 Ι565

304 1170 401 1224 1585

546 139 895 185 NOTITIA
957 137 1393 187 LITERARrA

462 247 628 287 Curionis
646 244 930 296 vigilantiffima
960 257 1050 286 cura
1071 249 1273 301 castigata,
1303 251 1338 288 &a
1360 248 1400 286 in
1432 260 1572 287 novam

457 299 611 352 prorsus
633 300 773 339 faciem
790 331 800 347 ‚
825 300 1005 338 nimirum
1035 304 1231 352 propriam
1265 304 1298 341 δε
1333 301 1464 350 suam,
1493 316 1575 340 mu-

457 363 551 394 tata.
574 353 681 394 Bafil.
710 354 766 394 10.
794 354 960 404 Hervag.
975 354 1084 395 Bern.
1108 357 1245 396 Brand.
1270 356 1336 395 fol.
1360 358 1460 394 Ferd.
1481 357 1575 394 Pin-

456 409 550 448 ziani
582 407 779 447 luculento
801 409 849 446 de
870 409 1013 448 Seneca
1028 410 1243 450 testimonio
1257 441 1268 458 ,
1304 412 1388 449 Vita
1415 411 1576 458 Senecae,

456 479 481 501 a
496 463 655 502 Xiccone
670 463 862 501 Polentono
887 475 934 501 ex
945 462 1083 502 Tacito
1111 466 1145 503 ἃ
1162 466 1346 504 Suetonio
1369 464 1574 513 decerpta,

461 519 497 557 ἃ
509 515 711 567 Rodolphi
726 515 924 567 Agricolae
946 516 985 554 in
1004 519 1274 557 controverfias
1292 520 1458 558 Senecae
1474 517 1578 557 Rhe-

457 571 554 611 toris
579 571 872 610 commentario.
906 571 980 610 Sed
1008 572 1057 611 H.
1086 572 1281 623 Stephano
1308 573 1346 610 iu
1364 573 1462 620 lice,
1483 572 1578 610 Coe-

455 625 530 664 lius
560 625 759 665 Secundus
794 624 936 674 Curio,
970 624 1148 675 castigare
1192 626 1406 677 prorsseffrw,
1443 626 1575 664 multis

459 679 685 718 foedissimis
710 679 858 717 mendis
886 680 1069 719 Senecam
1097 680 1374 731 conspurcavit.
1403 680 1501 720 Basffi
1525 680 1578 718 est

457 734 601 785 partim
636 733 829 775 Erasmica
864 733 912 772 Il.
950 735 1091 784 partim
1129 734 1323 781 Pintiana.
1362 747 1407 772 et:
1448 734 1578 784 quibus

456 789 576 827 etiam
598 788 789 838 quaedam
811 796 1001 827 annotatt.
1030 787 1200 827 adieclae
1224 787 1318 827 sunt.
1350 802 1388 825 ιιι
1409 789 1579 837 rvr-irgine

458 843 586 882 variae
623 841 728 881 lecit.
773 844 809 882 δε
845 843 1087 881 coniecturae
1132 843 1384 890 reperiuntur.
1431 844 1580 892 Scripta

458 897 577 935 etiam
601 895 794 947 suppofita
827 898 912 936 Sen.
937 896 1102 935 rhetoris
1136 896 1302 934 bibiena
1330 895 1428 935 sunt.
1451 896 1580 935 Ludus

458 951 498 990 in
528 952 713 990 Senecam
738 950 802 989 hic
834 962 924 988 cum
953 950 1078 990 Rhen.
1104 949 1257 990 Curion.
1274 950 1394 990 fladr.
1420 950 1519 990 Iunii
1543 952 1578 990 δε

461 1004 608 1045 Chauci
634 1012 825 1044 annotatt.
851 1012 1022 1055 apparet.

457 1061 543 1100 Sen.
567 1059 709 1110 Opera,
738 1057 844 1098 Bafil.
872 1057 938 1097 fol.

461 1115 606 1154 Seneca
627 1114 747 1152 Fabri.
773 1111 872 1163 Lips.
900 1112 936 1152 8.

460 1168 633 1215 Romae,
657 1167 761 1218 typis
786 1164 955 1207 Barthol.
982 1164 1140 1206 Goraffii
1157 1198 1167 1216 ,
1190 1178 1278 1205 cum
1294 1163 1395 1206 notis
1418 1168 1477 1205 M.
1500 1165 1585 1205 An-

462 1223 552 1261 tonii
577 1223 737 1270 Mureti,
756 1221 934 1260 &indice
959 1220 1047 1260 Iulii
1070 1221 1199 1261 Roscii
1222 1221 1375 1261 Hortini
1390 1251 1400 1269 ,
1426 1228 1583 1259 curante

460 1276 545 1327 post
560 1275 732 1323 Mureti,
750 1276 889 1314 eodem
911 1288 1011 1314 anno
1029 1276 1127 1325 prid.
1158 1276 1256 1314 Non.
1282 1275 1364 1314 Iun.
1384 1274 1555 1313 defunffl
1569 1304 1580 1322 ,

463 1330 637 1376 obitum,
655 1328 857 1369 Francisco
872 1329 1014 1369 Bencio
1032 1330 1068 1368 S.
1084 1329 1112 1368 Ι.
1133 1330 1366 1379 Quanquam
1378 1340 1468 1367 vero
1482 1340 1586 1378 prae-

461 1384 588 1424 clarae
620 1383 708 1422 sunt
731 1383 879 1423 Mureti
903 1384 941 1421 in
965 1384 1151 1423 Senecam
1185 1379 1496 1431 observafiones,
1522 1390 1588 1420 ta-

462 1452 555 1478 men
578 1451 658 1477 non
681 1437 729 1476 ab
750 1451 790 1476 re
814 1437 869 1476 illi
894 1438 988 1476 vitio
1011 1438 1126 1476 vertit
1150 1437 1341 1476 Henricus
1366 1435 1584 1486 Stephanus

462 1492 764 1544 proodopoeia*
779 1492 828 1531 ad
851 1493 1018 1531 Senecae
1033 1490 1261 1540 lestionem,
1286 1492 1389 1530 edita
1416 1504 1448 1529 a.
1472 1489 1582 1538 1586.

461 1547 501 1586 8.
529 1546 634 1597 quod
650 1545 793 1586 Erasmi
809 1559 966 1597 operam
990 1546 1158 1585 Senecae
1179 1545 1393 1596 impensam
1417 1552 1586 1583 contem-

463 1601 522 1640 nit
535 1631 546 1650 ,
561 1602 597 1640 δέ
610 1600 773 1640 Pintiani
786 1601 850 1639 vix
863 1600 920 1639 bis
943 1600 1119 1638 meminit
1130 1630 1141 1646 „
1159 1612 1249 1638 curn
1264 1601 1462 1650 utriusque
1474 1597 1587 1648 saepe

463 1654 802 1694 emendationibus
822 1654 911 1693 usus
926 1654 1054 1693 fuerit.
1070 1653 1169 1693 Vide
1189 1654 1343 1692 interim
1356 1685 1367 1701 ,
1396 1666 1491 1703 quae
1515 1665 1587 1702 pro

463 1709 623 1749 Mureto
659 1710 814 1759 reponit
842 1707 956 1748 Rich.
995 1708 1130 1748 Simon
1159 1705 1205 1748 T.
1238 1708 1266 1748 Ι.
1296 1706 1392 1747 Bibl.
1428 1706 1589 1745 selec-rae

466 1776 551 1814 cap.
584 1775 643 1816 13.
665 1763 736 1802 Ista
760 1765 926 1803 Senecae
949 1763 1069 1801 editio
1094 1775 1209 1801 manu
1232 1761 1386 1812 Iosephi
1406 1759 1590 1810 Scaligeri

464 1825 601 1856 notata
626 1817 745 1857 exstat
769 1818 809 1856 in
833 1816 1078 1857 Bibliotheca
1103 1817 1334 1857 Academiae
1355 1812 1558 1855 Leidenfis.

571 1878 785 1918 *Adieerae
806 1878 893 1917 sunt
917 1877 1104 1929 Epistolae
1129 1876 1388 1917 diorthoricae
1413 1883 1599 1926 quorun-‘

521 1934 611 1973 dam
626 1934 795 1973 Senecae
818 1931 995 1972 locorum
1012 1932 1062 1972 ad
1075 1931 1260 1971 iacobum
1277 1930 1585 1981 Dalecampium.

304 1995 578 2036 ——Parifi
603 1995 671 2035 fol.
697 1996 801 2047 apud
822 1995 953 2036 Iacob.
981 1996 1032 2034 du
1058 1995 1159 2034 Puisss

313 2051 412 2105 1587

311 2171 411 2213 1590

314 2332 412 2375 1593

467 2051 554 2090 Sen.
581 2063 697 2100 opera
721 2048 832 2089 Paris.
864 2050 1033 2097 Mureti,
1054 2050 1140 2089 Nic.
1165 2046 1300 2096 Fabri,
1326 2046 1489 2087 Pintiani
1513 2047 1584 2085 &a

468 2104 573 2144 notis
601 2103 806 2152 illustrata,
831 2103 898 2143 fol.
927 2117 987 2154 ap.
1012 2103 1187 2154 DupuyS.

465 2159 572 2210 apud
586 2157 833 2209 Episcopium
845 2189 855 2207 ,
871 2157 905 2198 8.
918 2156 1024 2197 Bafil.
1050 2170 1139 2196 cura
1158 2154 1312 2207 Dionys.
1331 2152 1561 2195 Gothofredi
1574 2182 1586 2202 ‚

471 2225 504 2252 c.
531 2212 651 2252 eiusd.
689 2212 918 2251 coniecturis
934 2243 945 2260 ‚
970 2212 1083 2251 variis
1109 2209 1213 2250 lec‘tt.
1244 2208 1340 2248 locis
1368 2208 1588 2248 communi-

471 2267 543 2306 bus
559 2297 571 2315 ,
603 2268 639 2306 &
664 2264 969 2305 nomenclatore.

470 2319 655 2360 Coloniae
684 2333 745 2371 ap.
770 2320 956 2360 Ioannem
983 2318 1227 2371 Gymnicum.
1255 2317 1291 2357 8.
1328 2328 1417 2356 cum
1442 2317 1590 2367 Diony-

469 2375 508 2411 fn·
532 2374 739 2426 Gothosredi
764 2374 1017 2422 conjecturis,
1033 2373 1156 2412 Variis
1180 2372 1300 2412 Lem.
1317 2371 1458 2411 &locis
1484 2383 1591 2409 corn-

473 2427 654 2466 munibus
684 2429 724 2466 in
750 2436 958 2478 utrumque
994 2429 1178 2467 Senecam
1201 2456 1212 2472 ,
1239 2439 1335 2476 quae
1369 2425 1592 2464 l'ubiunc‘tae

473 2482 591 2521 etiam
612 2482 770 2522 editioni
793 2483 963 2523 Senecae
980 2480 1186 2522 Genevenfi
1201 2494 1233 2520 a.
1255 2479 1364 2521 1628.
1396 2475 1591 2532 1638.f01.
