1741 2919
297 149 391 197 260
554 150 604 197 L.
646 147 947 195 ANNAEI
996 149 1350 197 SENECAE

294 265 297 267 ’
360 257 438 303 IX.
467 255 660 304 Placebit
685 269 829 304 autem
859 257 966 304 haec
992 257 1123 304 nobis
1146 257 1370 314 mensura,
1398 257 1429 304 fi
1454 257 1576 322 prius

294 328 567 392 parcimonia
594 329 803 391 placuerit
826 347 838 376 z
875 330 963 377 fine
991 347 1077 393 qua
1099 347 1182 378 nec
1207 330 1316 378 ullae
1343 347 1452 393 opes
1480 331 1573 378 suf-

295 403 474 457 ficiunt,
502 420 583 450 nec
610 404 718 450 ullae
741 421 833 450 non
867 404 962 451 satis
992 419 1167 467 patent:
1190 405 1440 467 praesertim
1470 423 1572 453 cum

291 473 335 519 in
368 476 519 522 vicino
550 476 794 522 remedium
823 475 901 534 fit,
926 490 969 523 et
988 476 1120 538 possit
1149 477 1237 539 ipsa
1263 491 1495 540 paupertas
1525 479 1572 525 in

291 549 466 596 divitias
484 549 547 606 se,
566 551 778 596 advocata
797 548 1041 613 frugalitate
1055 587 1069 609 ‚
1096 564 1372 600 convertere.
1400 552 1574 599 Affues-

290 639 438 669 camus
472 639 495 668 a
523 622 651 668 nobis
676 639 911 669 removere
937 620 1171 686 pompam,
1197 637 1239 670 et
1269 624 1367 672 usus
1394 642 1538 672 rerum
1556 657 1573 680 ‚

290 713 385 742 non
411 708 667 742 ornamenta
694 695 853 743 metiri.
887 696 1025 743 Cibus
1052 697 1211 743 famem
1239 697 1421 756 domet,
1444 699 1573 760 potio

289 768 426 825 sitim,
452 769 592 815 libido
622 784 708 831 qua
737 768 905 816 neceffe
929 770 990 817 est
1016 769 1132 817 fluat.
1172 770 1403 818 Discamus
1429 788 1572 818 mem-

288 841 377 887 bris
407 840 564 888 nostris
596 840 721 886 inniti
745 857 755 886 :
779 841 946 887 cultum
972 840 1227 905 victumque
1251 858 1344 888 non
1370 843 1423 888 ad
1449 860 1572 891 nova

287 914 488 976 exempla
517 929 819 976 componere,
844 914 916 960 sed
939 927 986 960 ut
1017 914 1236 960 maiorum
1267 914 1445 960 suadent
1472 932 1572 962 mo-

287 1002 368 1032 res.
399 985 630 1032 Discamus
649 985 966 1032 continentiam
987 1002 1176 1049 augere,
1204 985 1419 1032 luxuriam
1442 989 1572 1034 coer-

288 1075 387 1104 cere
404 1094 417 1115 ,
444 1058 587 1122 gulam
614 1072 859 1120 temperare
875 1094 889 1115 ,
908 1058 1181 1106 iracundiam
1201 1059 1338 1106 lenire
1351 1094 1366 1117 ‚
1385 1076 1571 1123 pauper-

287 1144 421 1177 tatem
445 1132 594 1194 aequis
622 1132 763 1178 oculis
792 1133 1041 1194 adspicere,
1070 1132 1360 1196 frugalitatem
1390 1134 1537 1181 colere
1554 1171 1570 1192 ,

289 1205 452 1251 etiamsi
477 1221 560 1251 nos
590 1205 769 1267 pudebit
795 1204 1013 1251 desideriis
1043 1206 1307 1252 naturalibus
1329 1223 1470 1269 parvo
1492 1224 1572 1269 pa-

285 1291 376 1323 rata
400 1278 590 1324 remedia
616 1278 820 1325 adhibere
842 1295 852 1323 :
877 1277 971 1339 spes
994 1277 1245 1325 effraenatas
1262 1314 1275 1335 ‚
1314 1295 1357 1325 et
1381 1280 1574 1326 animum

286 1352 332 1398 in
358 1351 500 1397 futura
528 1352 794 1398 eminentem
825 1351 945 1398 velut
974 1352 1049 1398 sub
1080 1352 1268 1399 vinculis
1303 1353 1493 1412 habere,
1522 1354 1567 1400 icl

287 1441 438 1487 agere,
460 1438 508 1469 ut
531 1423 707 1470 divitias
730 1438 753 1468 a
779 1423 908 1469 nobis
928 1422 1072 1484 potius
1097 1440 1227 1486 quam
1245 1440 1269 1470 a
1291 1423 1468 1471 fortuna
1488 1442 1569 1488 pe-

289 1508 442 1543 tamus.
484 1496 590 1542 Non
620 1494 789 1558 potest,
823 1495 1029 1558 inquam,
1056 1507 1175 1541 tanta
1205 1496 1392 1544 varietas
1416 1511 1460 1543 et
1491 1497 1572 1542 ini-

289 1570 431 1632 quitas
445 1568 618 1615 casuum
635 1569 692 1615 ita
706 1568 892 1631 depelli,
905 1582 952 1614 ut
967 1582 1057 1612 non
1074 1566 1262 1612 multum
1278 1568 1571 1629 procellarum

289 1644 427 1691 irruat
451 1659 605 1706 magna
635 1655 900 1689 arma-menta
924 1639 1215 1703 pandentibus
1236 1657 1247 1685 :
1277 1642 1499 1703 cogendae
1524 1641 1571 1687 in

289 1716 452 1762 arctum
472 1731 540 1760 res
553 1714 666 1771 sunt,
683 1726 731 1760 ut
744 1714 827 1760 tela
842 1714 888 1761 in
908 1730 1071 1760 vanum
1090 1713 1259 1759 cadant.
1273 1713 1469 1776 Ideoque
1488 1730 1570 1760 ex-

288 1788 378 1835 filia
408 1787 579 1834 interim
603 1788 952 1850 calamitatesque
978 1786 1023 1832 in
1050 1785 1291 1832 remedium
1322 1785 1500 1845 cessere,
1524 1800 1569 1835 et

287 1862 531 1909 levioribus
551 1860 848 1908 incommodis
865 1859 1070 1922 graviora
1098 1858 1238 1905 sanata
1261 1858 1380 1913 sunt,
1399 1860 1478 1906 ubi
1493 1875 1570 1922 pa-

288 1954 385 1983 rum
407 1937 524 1982 audit
552 1949 781 1998 praecepta
803 1935 994 1992 animus,
1016 1951 1096 1980 nec
1119 1932 1264 1986 curari
1291 1933 1464 1980 mollius
1483 1949 1569 1995 po-

291 2012 386 2059 test.
422 2011 544 2071 Quid
566 2012 609 2056 ni
629 2010 897 2068 consulitur,
926 2009 955 2054 fi
977 2023 1019 2055 et
1044 2023 1275 2070 paupertas
1304 2021 1348 2053 et
1374 2006 1569 2069 ignomi-

290 2088 385 2142 nia,
413 2099 455 2133 et
482 2103 627 2132 rerum
659 2085 830 2132 eversio
862 2082 1125 2130 adhibetur?
1154 2081 1272 2127 malo
1297 2081 1458 2126 malum
1488 2096 1568 2143 op·

289 2160 480 2222 ponitur.
511 2159 807 2206 Affuescamus
825 2162 932 2221 ergo
961 2172 1148 2203 coenare
1172 2154 1294 2217 poffe
1312 2154 1399 2201 fine
1420 2171 1568 2217 popu-

288 2234 358 2288 lo,
388 2246 430 2278 et
450 2233 582 2279 servis
613 2231 898 2294 paucioribus
927 2229 1103 2287 serviri,
1122 2242 1164 2275 et
1183 2228 1322 2276 vestes
1353 2244 1502 2289 parare
1521 2228 1568 2274 in

289 2307 415 2367 quod
452 2305 656 2352 inventae
691 2306 812 2361 sunt,
846 2304 1040 2350 habitare
1071 2300 1344 2350 contractius.
1381 2302 1487 2348 Non
1521 2301 1568 2347 in

291 2378 417 2423 cursu
448 2391 616 2422 tantum
645 2378 841 2439 circique
869 2375 1135 2433 certamine,
1166 2375 1239 2421 sed
1265 2374 1309 2420 in
1334 2372 1402 2421 his
1425 2372 1568 2436 spatiis

290 2438 405 2498 vitae
438 2449 619 2498 interius
649 2449 915 2498 flectendum
949 2447 1024 2504 est.
1069 2447 1325 2496 Studiorum
1359 2462 1566 2511 quoque,
