<?xml version="1.0" encoding="UTF-8"?>
<!DOCTYPE html PUBLIC "-//W3C//DTD XHTML 1.0 Transitional//EN"
    "http://www.w3.org/TR/xhtml1/DTD/xhtml1-transitional.dtd">
<html xmlns="http://www.w3.org/1999/xhtml" xml:lang="en" lang="en">
 <head>
  <title>
</title>
<meta http-equiv="Content-Type" content="text/html;charset=utf-8" />
  <meta name='ocr-system' content='tesseract 3.04.00' />
  <meta name='ocr-capabilities' content='ocr_page ocr_carea ocr_par ocr_line ocrx_word'/>
</head>
<body>
  <div class='ocr_page' id='page_1' title='image "./lannaeisenecaeph01seneuoft_0348.png"; bbox 0 0 1741 2919; ppageno 0'>
   <div class='ocr_carea' id='block_1_1' title="bbox 277 103 1323 170">
    <p class='ocr_par' dir='ltr' id='par_1_1' title="bbox 277 103 1323 170">
     <span class='ocr_line' id='line_1_1' title="bbox 277 103 1323 170; baseline -0.002 -15"><span class='ocrx_word' id='word_1_1' title='bbox 277 123 365 170; x_wconf 78' lang='lat'>302.</span> <span class='ocrx_word' id='word_1_2' title='bbox 532 109 580 154; x_wconf 80' lang='lat' dir='ltr'>L.</span> <span class='ocrx_word' id='word_1_3' title='bbox 627 107 927 153; x_wconf 69' lang='lat' dir='ltr'><strong>AN‘NAEI</strong></span> <span class='ocrx_word' id='word_1_4' title='bbox 973 103 1323 163; x_wconf 72' lang='lat' dir='ltr'>sENECAE</span> 
     </span>
    </p>
   </div>
   <div class='ocr_carea' id='block_1_2' title="bbox 213 209 1567 2483">
    <p class='ocr_par' dir='ltr' id='par_1_2' title="bbox 213 209 1567 2483">
     <span class='ocr_line' id='line_1_2' title="bbox 213 209 1544 273; baseline -0.004 -9"><span class='ocrx_word' id='word_1_5' title='bbox 213 224 217 231; x_wconf 85' lang='lat'>&#39;</span> <span class='ocrx_word' id='word_1_6' title='bbox 270 215 418 265; x_wconf 85' lang='lat' dir='ltr'>melias</span> <span class='ocrx_word' id='word_1_7' title='bbox 436 215 636 262; x_wconf 86' lang='lat' dir='ltr'>laturum.</span> <span class='ocrx_word' id='word_1_8' title='bbox 660 215 773 262; x_wconf 83' lang='lat' dir='ltr'><strong>Huic</strong></span> <span class='ocrx_word' id='word_1_9' title='bbox 789 215 833 261; x_wconf 86' lang='lat' dir='ltr'>in</span> <span class='ocrx_word' id='word_1_10' title='bbox 859 215 1100 273; x_wconf 85' lang='lat' dir='ltr'>convivio,</span> <span class='ocrx_word' id='word_1_11' title='bbox 1118 216 1162 262; x_wconf 89' lang='lat' dir='ltr'>id</span> <span class='ocrx_word' id='word_1_12' title='bbox 1189 214 1272 273; x_wconf 87' lang='lat' dir='ltr'>est,</span> <span class='ocrx_word' id='word_1_13' title='bbox 1289 215 1334 261; x_wconf 88' lang='lat' dir='ltr'>in</span> <span class='ocrx_word' id='word_1_14' title='bbox 1359 209 1544 261; x_wconf 75' lang='lat' dir='ltr'>concio-</span> 
     </span>
     <span class='ocr_line' id='line_1_3' title="bbox 272 286 1545 353; baseline -0.005 -14"><span class='ocrx_word' id='word_1_15' title='bbox 272 309 350 348; x_wconf 88' lang='lat' dir='ltr'>ne,</span> <span class='ocrx_word' id='word_1_16' title='bbox 378 307 499 349; x_wconf 28' lang='lat' dir='ltr'>voce·</span> <span class='ocrx_word' id='word_1_17' title='bbox 519 290 775 345; x_wconf 82' lang='lat' dir='ltr'>clariffima,</span> <span class='ocrx_word' id='word_1_18' title='bbox 799 291 935 353; x_wconf 89' lang='lat' dir='ltr'>qualis</span> <span class='ocrx_word' id='word_1_19' title='bbox 965 290 1009 336; x_wconf 91' lang='lat' dir='ltr'>in</span> <span class='ocrx_word' id='word_1_20' title='bbox 1036 290 1272 337; x_wconf 82' lang='lat' dir='ltr'>concubitu</span> <span class='ocrx_word' id='word_1_21' title='bbox 1297 286 1398 336; x_wconf 81' lang='lat' dir='ltr'>effet</span> <span class='ocrx_word' id='word_1_22' title='bbox 1430 301 1545 333; x_wconf 85' lang='lat' dir='ltr'>uxor</span> 
     </span>
     <span class='ocr_line' id='line_1_4' title="bbox 270 362 1546 425; baseline -0.005 -11"><span class='ocrx_word' id='word_1_23' title='bbox 270 368 387 425; x_wconf 87' lang='lat' dir='ltr'>eius,</span> <span class='ocrx_word' id='word_1_24' title='bbox 420 366 595 413; x_wconf 87' lang='lat' dir='ltr'>obiecit.</span> <span class='ocrx_word' id='word_1_25' title='bbox 640 367 719 414; x_wconf 91' lang='lat' dir='ltr'>Dii</span> <span class='ocrx_word' id='word_1_26' title='bbox 748 367 884 424; x_wconf 92' lang='lat' dir='ltr'>boni,</span> <span class='ocrx_word' id='word_1_27' title='bbox 918 367 1007 413; x_wconf 90' lang='lat' dir='ltr'>hoc</span> <span class='ocrx_word' id='word_1_28' title='bbox 1033 366 1178 413; x_wconf 85' lang='lat' dir='ltr'>virum</span> <span class='ocrx_word' id='word_1_29' title='bbox 1211 364 1390 420; x_wconf 84' lang='lat' dir='ltr'>audire,</span> <span class='ocrx_word' id='word_1_30' title='bbox 1422 362 1546 408; x_wconf 85' lang='lat' dir='ltr'>Prin-</span> 
     </span>
     <span class='ocr_line' id='line_1_5' title="bbox 270 437 1546 506; baseline -0.007 -16"><span class='ocrx_word' id='word_1_31' title='bbox 270 443 412 505; x_wconf 86' lang='lat' dir='ltr'>cipem</span> <span class='ocrx_word' id='word_1_32' title='bbox 443 441 578 496; x_wconf 82' lang='lat' dir='ltr'>scire,</span> <span class='ocrx_word' id='word_1_33' title='bbox 606 453 649 488; x_wconf 92' lang='lat' dir='ltr'>et</span> <span class='ocrx_word' id='word_1_34' title='bbox 680 459 818 506; x_wconf 87' lang='lat' dir='ltr'>usque</span> <span class='ocrx_word' id='word_1_35' title='bbox 852 458 909 488; x_wconf 88' lang='lat' dir='ltr'>eo</span> <span class='ocrx_word' id='word_1_36' title='bbox 942 440 1159 488; x_wconf 84' lang='lat' dir='ltr'>licentiam</span> <span class='ocrx_word' id='word_1_37' title='bbox 1193 437 1464 501; x_wconf 70' lang='lat' dir='ltr'>pervenisse,</span> <span class='ocrx_word' id='word_1_38' title='bbox 1498 447 1546 482; x_wconf 89' lang='lat' dir='ltr'>ut</span> 
     </span>
     <span class='ocr_line' id='line_1_6' title="bbox 270 511 1546 572; baseline -0.005 -10"><span class='ocrx_word' id='word_1_39' title='bbox 270 532 363 562; x_wconf 89' lang='lat' dir='ltr'>non</span> <span class='ocrx_word' id='word_1_40' title='bbox 393 515 495 561; x_wconf 90' lang='lat' dir='ltr'>dico</span> <span class='ocrx_word' id='word_1_41' title='bbox 530 514 774 572; x_wconf 83' lang='lat' dir='ltr'>consulari,</span> <span class='ocrx_word' id='word_1_42' title='bbox 804 532 894 561; x_wconf 91' lang='lat' dir='ltr'>non</span> <span class='ocrx_word' id='word_1_43' title='bbox 929 514 1032 561; x_wconf 90' lang='lat' dir='ltr'>dico</span> <span class='ocrx_word' id='word_1_44' title='bbox 1065 513 1210 560; x_wconf 91' lang='lat' dir='ltr'>amico</span> <span class='ocrx_word' id='word_1_45' title='bbox 1228 547 1242 571; x_wconf 93' lang='lat'>,</span> <span class='ocrx_word' id='word_1_46' title='bbox 1272 511 1343 558; x_wconf 91' lang='lat' dir='ltr'>sed</span> <span class='ocrx_word' id='word_1_47' title='bbox 1375 523 1546 557; x_wconf 88' lang='lat' dir='ltr'>tantum</span> 
     </span>
     <span class='ocr_line' id='line_1_7' title="bbox 270 582 1547 648; baseline -0.004 -15"><span class='ocrx_word' id='word_1_48' title='bbox 270 587 432 634; x_wconf 88' lang='lat' dir='ltr'>marito</span> <span class='ocrx_word' id='word_1_49' title='bbox 461 584 667 648; x_wconf 85' lang='lat' dir='ltr'><strong>Princeps</strong></span> <span class='ocrx_word' id='word_1_50' title='bbox 692 597 736 632; x_wconf 88' lang='lat' dir='ltr'>et</span> <span class='ocrx_word' id='word_1_51' title='bbox 765 584 1026 633; x_wconf 78' lang='lat' dir='ltr'>adulterium</span> <span class='ocrx_word' id='word_1_52' title='bbox 1061 585 1181 633; x_wconf 88' lang='lat' dir='ltr'>suurn</span> <span class='ocrx_word' id='word_1_53' title='bbox 1213 597 1383 642; x_wconf 90' lang='lat' dir='ltr'>narret,</span> <span class='ocrx_word' id='word_1_54' title='bbox 1409 597 1452 630; x_wconf 89' lang='lat' dir='ltr'>et</span> <span class='ocrx_word' id='word_1_55' title='bbox 1480 582 1547 628; x_wconf 86' lang='lat' dir='ltr'>fa·</span> 
     </span>
     <span class='ocr_line' id='line_1_8' title="bbox 270 659 1547 718; baseline -0.005 -10"><span class='ocrx_word' id='word_1_56' title='bbox 270 660 442 708; x_wconf 87' lang='lat' dir='ltr'>stidium</span> <span class='ocrx_word' id='word_1_57' title='bbox 459 659 476 706; x_wconf 83' lang='lat'>?</span> <span class='ocrx_word' id='word_1_58' title='bbox 498 659 720 707; x_wconf 79' lang='lat' dir='ltr'>Chaereae</span> <span class='ocrx_word' id='word_1_59' title='bbox 737 692 750 715; x_wconf 91' lang='lat'>‚</span> <span class='ocrx_word' id='word_1_60' title='bbox 766 660 944 707; x_wconf 89' lang='lat' dir='ltr'>tribuno</span> <span class='ocrx_word' id='word_1_61' title='bbox 965 659 1152 705; x_wconf 90' lang='lat' dir='ltr'>militum</span> <span class='ocrx_word' id='word_1_62' title='bbox 1164 695 1176 717; x_wconf 87' lang='lat'>,</span> <span class='ocrx_word' id='word_1_63' title='bbox 1194 659 1335 705; x_wconf 90' lang='lat' dir='ltr'>sermo</span> <span class='ocrx_word' id='word_1_64' title='bbox 1351 674 1439 703; x_wconf 92' lang='lat' dir='ltr'>non</span> <span class='ocrx_word' id='word_1_65' title='bbox 1462 672 1547 718; x_wconf 87' lang='lat' dir='ltr'>pro</span> 
     </span>
     <span class='ocr_line' id='line_1_9' title="bbox 271 729 1548 795; baseline -0.004 -15"><span class='ocrx_word' id='word_1_66' title='bbox 271 751 404 780; x_wconf 89' lang='lat' dir='ltr'>manu</span> <span class='ocrx_word' id='word_1_67' title='bbox 430 747 544 789; x_wconf 85' lang='lat' dir='ltr'>erat,</span> <span class='ocrx_word' id='word_1_68' title='bbox 562 731 788 795; x_wconf 85' lang='lat' dir='ltr'>languidus</span> <span class='ocrx_word' id='word_1_69' title='bbox 816 732 952 789; x_wconf 89' lang='lat' dir='ltr'>sono,</span> <span class='ocrx_word' id='word_1_70' title='bbox 972 746 1015 779; x_wconf 91' lang='lat' dir='ltr'>et</span> <span class='ocrx_word' id='word_1_71' title='bbox 1035 731 1216 778; x_wconf 67' lang='lat' dir='ltr'>infrac’ta</span> <span class='ocrx_word' id='word_1_72' title='bbox 1243 747 1357 777; x_wconf 92' lang='lat' dir='ltr'>voce</span> <span class='ocrx_word' id='word_1_73' title='bbox 1379 729 1548 791; x_wconf 85' lang='lat' dir='ltr'>suspec-</span> 
     </span>
     <span class='ocr_line' id='line_1_10' title="bbox 270 803 1549 868; baseline -0.005 -14"><span class='ocrx_word' id='word_1_74' title='bbox 270 807 373 854; x_wconf 83' lang='lat' dir='ltr'>tior.</span> <span class='ocrx_word' id='word_1_75' title='bbox 398 803 516 851; x_wconf 86' lang='lat' dir='ltr'>Huic</span> <span class='ocrx_word' id='word_1_76' title='bbox 542 803 676 851; x_wconf 87' lang='lat' dir='ltr'>Caius</span> <span class='ocrx_word' id='word_1_77' title='bbox 695 803 860 868; x_wconf 77' lang='lat' dir='ltr'>{ignum</span> <span class='ocrx_word' id='word_1_78' title='bbox 883 804 1047 868; x_wconf 90' lang='lat' dir='ltr'>petenti</span> <span class='ocrx_word' id='word_1_79' title='bbox 1068 804 1207 851; x_wconf 90' lang='lat' dir='ltr'>modo</span> <span class='ocrx_word' id='word_1_80' title='bbox 1227 803 1433 861; x_wconf 87' lang='lat' dir='ltr'>Veneris,</span> <span class='ocrx_word' id='word_1_81' title='bbox 1451 819 1549 848; x_wconf 91' lang='lat' dir='ltr'>mo-</span> 
     </span>
     <span class='ocr_line' id='line_1_11' title="bbox 271 876 1550 942; baseline -0.004 -17"><span class='ocrx_word' id='word_1_82' title='bbox 271 878 333 925; x_wconf 90' lang='lat' dir='ltr'>do</span> <span class='ocrx_word' id='word_1_83' title='bbox 361 876 506 940; x_wconf 85' lang='lat' dir='ltr'>Priapi</span> <span class='ocrx_word' id='word_1_84' title='bbox 531 877 685 924; x_wconf 87' lang='lat' dir='ltr'>dabat:</span> <span class='ocrx_word' id='word_1_85' title='bbox 710 877 832 925; x_wconf 88' lang='lat' dir='ltr'>aliter</span> <span class='ocrx_word' id='word_1_86' title='bbox 863 891 996 942; x_wconf 84' lang='lat' dir='ltr'>atque</span> <span class='ocrx_word' id='word_1_87' title='bbox 1025 876 1146 923; x_wconf 90' lang='lat' dir='ltr'>aliter</span> <span class='ocrx_word' id='word_1_88' title='bbox 1174 876 1445 939; x_wconf 80' lang='lat' dir='ltr'>exprobrans</span> <span class='ocrx_word' id='word_1_89' title='bbox 1482 890 1550 920; x_wconf 89' lang='lat' dir='ltr'>ar-</span> 
     </span>
     <span class='ocr_line' id='line_1_12' title="bbox 271 949 1550 1015; baseline -0.003 -17"><span class='ocrx_word' id='word_1_90' title='bbox 271 963 392 998; x_wconf 88' lang='lat' dir='ltr'>mato</span> <span class='ocrx_word' id='word_1_91' title='bbox 423 951 667 998; x_wconf 88' lang='lat' dir='ltr'>mollitiam.</span> <span class='ocrx_word' id='word_1_92' title='bbox 707 953 828 999; x_wconf 87' lang='lat' dir='ltr'>Haec</span> <span class='ocrx_word' id='word_1_93' title='bbox 853 952 943 1015; x_wconf 88' lang='lat' dir='ltr'>ipse</span> <span class='ocrx_word' id='word_1_94' title='bbox 975 952 1248 1015; x_wconf 84' lang='lat' dir='ltr'>perlucidus,</span> <span class='ocrx_word' id='word_1_95' title='bbox 1274 949 1550 1012; x_wconf 79' lang='lat' dir='ltr'>crepidatus,</span> 
     </span>
     <span class='ocr_line' id='line_1_13' title="bbox 272 1023 1551 1091; baseline -0.002 -19"><span class='ocrx_word' id='word_1_96' title='bbox 272 1026 523 1074; x_wconf 76' lang='lat' dir='ltr'>armillatus.</span> <span class='ocrx_word' id='word_1_97' title='bbox 555 1026 718 1090; x_wconf 74' lang='lat' dir='ltr'>Coegit</span> <span class='ocrx_word' id='word_1_98' title='bbox 735 1027 880 1091; x_wconf 87' lang='lat' dir='ltr'>itaque</span> <span class='ocrx_word' id='word_1_99' title='bbox 907 1027 1028 1073; x_wconf 91' lang='lat' dir='ltr'>illum</span> <span class='ocrx_word' id='word_1_100' title='bbox 1048 1026 1110 1073; x_wconf 89' lang='lat' dir='ltr'>uti</span> <span class='ocrx_word' id='word_1_101' title='bbox 1136 1026 1255 1072; x_wconf 89' lang='lat' dir='ltr'>ferro</span> <span class='ocrx_word' id='word_1_102' title='bbox 1272 1060 1286 1083; x_wconf 86' lang='lat'>‚</span> <span class='ocrx_word' id='word_1_103' title='bbox 1305 1042 1359 1071; x_wconf 91' lang='lat' dir='ltr'>ne</span> <span class='ocrx_word' id='word_1_104' title='bbox 1383 1023 1551 1086; x_wconf 85' lang='lat' dir='ltr'>saepius</span> 
     </span>
     <span class='ocr_line' id='line_1_14' title="bbox 272 1099 1550 1162; baseline -0.001 -18"><span class='ocrx_word' id='word_1_105' title='bbox 272 1099 439 1162; x_wconf 74' lang='lat' dir='ltr'>signum</span> <span class='ocrx_word' id='word_1_106' title='bbox 462 1112 641 1162; x_wconf 87' lang='lat' dir='ltr'>peteret.</span> <span class='ocrx_word' id='word_1_107' title='bbox 676 1100 749 1148; x_wconf 92' lang='lat' dir='ltr'>llle</span> <span class='ocrx_word' id='word_1_108' title='bbox 768 1100 932 1162; x_wconf 86' lang='lat' dir='ltr'>primus</span> <span class='ocrx_word' id='word_1_109' title='bbox 956 1099 1068 1146; x_wconf 87' lang='lat' dir='ltr'>inter</span> <span class='ocrx_word' id='word_1_110' title='bbox 1092 1099 1347 1146; x_wconf 87' lang='lat' dir='ltr'>coniuratos</span> <span class='ocrx_word' id='word_1_111' title='bbox 1373 1113 1550 1143; x_wconf 89' lang='lat' dir='ltr'>manum</span> 
     </span>
     <span class='ocr_line' id='line_1_15' title="bbox 271 1170 1552 1222; baseline -0.005 0"><span class='ocrx_word' id='word_1_112' title='bbox 271 1175 435 1222; x_wconf 81' lang='lat' dir='ltr'>sustulit</span> <span class='ocrx_word' id='word_1_113' title='bbox 466 1193 477 1221; x_wconf 93' lang='lat'>:</span> <span class='ocrx_word' id='word_1_114' title='bbox 510 1175 579 1222; x_wconf 86' lang='lat' dir='ltr'>ille</span> <span class='ocrx_word' id='word_1_115' title='bbox 614 1175 833 1222; x_wconf 81' lang='lat' dir='ltr'>cervicem</span> <span class='ocrx_word' id='word_1_116' title='bbox 871 1175 1061 1222; x_wconf 85' lang='lat' dir='ltr'>mediam</span> <span class='ocrx_word' id='word_1_117' title='bbox 1099 1190 1191 1219; x_wconf 89' lang='lat' dir='ltr'>uno</span> <span class='ocrx_word' id='word_1_118' title='bbox 1224 1173 1311 1219; x_wconf 66' lang='lat' dir='ltr'>iclu</span> <span class='ocrx_word' id='word_1_119' title='bbox 1350 1170 1511 1218; x_wconf 86' lang='lat' dir='ltr'>decidit</span> <span class='ocrx_word' id='word_1_120' title='bbox 1540 1185 1552 1215; x_wconf 70' lang='grc' dir='ltr'><em>τ</em></span> 
     </span>
     <span class='ocr_line' id='line_1_16' title="bbox 273 1243 1553 1310; baseline -0.003 -17"><span class='ocrx_word' id='word_1_121' title='bbox 273 1247 508 1310; x_wconf 90' lang='lat' dir='ltr'>plurimum</span> <span class='ocrx_word' id='word_1_122' title='bbox 539 1248 700 1293; x_wconf 89' lang='lat' dir='ltr'>deinde</span> <span class='ocrx_word' id='word_1_123' title='bbox 729 1248 923 1309; x_wconf 79' lang='lat' dir='ltr'>undique</span> <span class='ocrx_word' id='word_1_124' title='bbox 958 1247 1153 1309; x_wconf 81' lang='lat' dir='ltr'>publicas</span> <span class='ocrx_word' id='word_1_125' title='bbox 1181 1263 1231 1292; x_wconf 89' lang='lat' dir='ltr'>ac</span> <span class='ocrx_word' id='word_1_126' title='bbox 1261 1244 1452 1308; x_wconf 88' lang='lat' dir='ltr'>privatas</span> <span class='ocrx_word' id='word_1_127' title='bbox 1480 1243 1553 1290; x_wconf 88' lang='lat' dir='ltr'>in-</span> 
     </span>
     <span class='ocr_line' id='line_1_17' title="bbox 274 1318 1553 1385; baseline -0.003 -18"><span class='ocrx_word' id='word_1_128' title='bbox 274 1322 403 1369; x_wconf 87' lang='lat' dir='ltr'>iurias</span> <span class='ocrx_word' id='word_1_129' title='bbox 427 1321 727 1368; x_wconf 83' lang='lat' dir='ltr'>ulciscentium</span> <span class='ocrx_word' id='word_1_130' title='bbox 747 1322 988 1385; x_wconf 81' lang='lat' dir='ltr'>gladiorum</span> <span class='ocrx_word' id='word_1_131' title='bbox 1017 1320 1227 1385; x_wconf 80' lang='lat' dir='ltr'>ingestum</span> <span class='ocrx_word' id='word_1_132' title='bbox 1259 1318 1333 1365; x_wconf 84' lang='lat' dir='ltr'>est.</span> <span class='ocrx_word' id='word_1_133' title='bbox 1364 1318 1434 1365; x_wconf 87' lang='lat' dir='ltr'>sed</span> <span class='ocrx_word' id='word_1_134' title='bbox 1460 1318 1553 1380; x_wconf 88' lang='lat' dir='ltr'>pri-</span> 
     </span>
     <span class='ocr_line' id='line_1_18' title="bbox 275 1391 1555 1456; baseline -0.003 -16"><span class='ocrx_word' id='word_1_135' title='bbox 275 1412 373 1442; x_wconf 90' lang='lat' dir='ltr'>mus</span> <span class='ocrx_word' id='word_1_136' title='bbox 398 1395 470 1441; x_wconf 89' lang='lat' dir='ltr'>vir</span> <span class='ocrx_word' id='word_1_137' title='bbox 500 1394 611 1451; x_wconf 84' lang='lat' dir='ltr'>fuit,</span> <span class='ocrx_word' id='word_1_138' title='bbox 639 1394 715 1456; x_wconf 79' lang='lat' dir='ltr'>qui</span> <span class='ocrx_word' id='word_1_139' title='bbox 739 1396 921 1442; x_wconf 89' lang='lat' dir='ltr'>minime</span> <span class='ocrx_word' id='word_1_140' title='bbox 949 1394 1066 1441; x_wconf 84' lang='lat' dir='ltr'>visus</span> <span class='ocrx_word' id='word_1_141' title='bbox 1093 1393 1165 1441; x_wconf 86' lang='lat' dir='ltr'>est.</span> <span class='ocrx_word' id='word_1_142' title='bbox 1198 1397 1255 1440; x_wconf 83' lang='lat' dir='ltr'>At</span> <span class='ocrx_word' id='word_1_143' title='bbox 1285 1393 1400 1439; x_wconf 90' lang='lat' dir='ltr'>idem</span> <span class='ocrx_word' id='word_1_144' title='bbox 1422 1391 1555 1438; x_wconf 82' lang='lat' dir='ltr'>Caius</span> 
     </span>
     <span class='ocr_line' id='line_1_19' title="bbox 274 1464 1556 1529; baseline -0.003 -15"><span class='ocrx_word' id='word_1_145' title='bbox 274 1467 425 1514; x_wconf 86' lang='lat' dir='ltr'>omnia</span> <span class='ocrx_word' id='word_1_146' title='bbox 451 1466 738 1513; x_wconf 84' lang='lat' dir='ltr'>contumelias</span> <span class='ocrx_word' id='word_1_147' title='bbox 763 1467 965 1529; x_wconf 83' lang='lat' dir='ltr'>putabat,</span> <span class='ocrx_word' id='word_1_148' title='bbox 987 1478 1031 1514; x_wconf 91' lang='lat' dir='ltr'>et</span> <span class='ocrx_word' id='word_1_149' title='bbox 1053 1468 1157 1513; x_wconf 83' lang='lat' dir='ltr'>ficut</span> <span class='ocrx_word' id='word_1_150' title='bbox 1175 1464 1452 1513; x_wconf 86' lang='lat' dir='ltr'>ferendarum</span> <span class='ocrx_word' id='word_1_151' title='bbox 1472 1465 1556 1510; x_wconf 87' lang='lat' dir='ltr'>im-</span> 
     </span>
     <span class='ocr_line' id='line_1_20' title="bbox 275 1535 1555 1604; baseline -0.002 -19"><span class='ocrx_word' id='word_1_152' title='bbox 275 1539 444 1604; x_wconf 85' lang='lat' dir='ltr'>patiens</span> <span class='ocrx_word' id='word_1_153' title='bbox 459 1574 472 1596; x_wconf 90' lang='lat'>,</span> <span class='ocrx_word' id='word_1_154' title='bbox 493 1537 787 1586; x_wconf 84' lang='lat' dir='ltr'>faciendarum</span> <span class='ocrx_word' id='word_1_155' title='bbox 807 1536 1119 1600; x_wconf 85' lang='lat' dir='ltr'>cupidiffimus.</span> <span class='ocrx_word' id='word_1_156' title='bbox 1137 1539 1270 1584; x_wconf 87' lang='lat' dir='ltr'>Iratus</span> <span class='ocrx_word' id='word_1_157' title='bbox 1284 1535 1363 1584; x_wconf 90' lang='lat' dir='ltr'>fuit</span> <span class='ocrx_word' id='word_1_158' title='bbox 1384 1538 1555 1583; x_wconf 80' lang='lat' dir='ltr'>Heren-</span> 
     </span>
     <span class='ocr_line' id='line_1_21' title="bbox 276 1611 1557 1675; baseline -0.004 -14"><span class='ocrx_word' id='word_1_159' title='bbox 276 1616 353 1661; x_wconf 90' lang='lat' dir='ltr'>nio</span> <span class='ocrx_word' id='word_1_160' title='bbox 375 1617 556 1669; x_wconf 83' lang='lat' dir='ltr'>Macro,</span> <span class='ocrx_word' id='word_1_161' title='bbox 582 1613 706 1675; x_wconf 87' lang='lat' dir='ltr'>quod</span> <span class='ocrx_word' id='word_1_162' title='bbox 726 1612 847 1659; x_wconf 91' lang='lat' dir='ltr'>illum</span> <span class='ocrx_word' id='word_1_163' title='bbox 869 1611 1026 1658; x_wconf 90' lang='lat' dir='ltr'>Caium</span> <span class='ocrx_word' id='word_1_164' title='bbox 1054 1611 1311 1659; x_wconf 84' lang='lat' dir='ltr'>salutaverat</span> <span class='ocrx_word' id='word_1_165' title='bbox 1337 1629 1347 1656; x_wconf 90' lang='lat'>:</span> <span class='ocrx_word' id='word_1_166' title='bbox 1372 1627 1452 1657; x_wconf 89' lang='lat' dir='ltr'>nec</span> <span class='ocrx_word' id='word_1_167' title='bbox 1472 1611 1557 1656; x_wconf 90' lang='lat' dir='ltr'>im-</span> 
     </span>
     <span class='ocr_line' id='line_1_22' title="bbox 276 1683 1559 1750; baseline -0.003 -17"><span class='ocrx_word' id='word_1_168' title='bbox 276 1702 393 1750; x_wconf 88' lang='lat' dir='ltr'>pune</span> <span class='ocrx_word' id='word_1_169' title='bbox 429 1685 549 1733; x_wconf 83' lang='lat' dir='ltr'>ceflit</span> <span class='ocrx_word' id='word_1_170' title='bbox 587 1687 907 1747; x_wconf 71' lang='lat' dir='ltr'>primipilario,</span> <span class='ocrx_word' id='word_1_171' title='bbox 939 1685 1061 1747; x_wconf 90' lang='lat' dir='ltr'>quod</span> <span class='ocrx_word' id='word_1_172' title='bbox 1098 1684 1343 1748; x_wconf 74' lang='lat' dir='ltr'>Caligulam</span> <span class='ocrx_word' id='word_1_173' title='bbox 1378 1683 1559 1730; x_wconf 84' lang='lat' dir='ltr'>dixerat.</span> 
     </span>
     <span class='ocr_line' id='line_1_23' title="bbox 277 1756 1560 1820; baseline -0.002 -14"><span class='ocrx_word' id='word_1_174' title='bbox 277 1761 379 1806; x_wconf 89' lang='lat' dir='ltr'>Hoc</span> <span class='ocrx_word' id='word_1_175' title='bbox 403 1757 521 1805; x_wconf 86' lang='lat' dir='ltr'>enim</span> <span class='ocrx_word' id='word_1_176' title='bbox 538 1758 584 1804; x_wconf 88' lang='lat' dir='ltr'>in</span> <span class='ocrx_word' id='word_1_177' title='bbox 603 1757 750 1805; x_wconf 84' lang='lat' dir='ltr'>castris</span> <span class='ocrx_word' id='word_1_178' title='bbox 771 1773 921 1815; x_wconf 86' lang='lat' dir='ltr'>natus,</span> <span class='ocrx_word' id='word_1_179' title='bbox 942 1771 984 1804; x_wconf 88' lang='lat' dir='ltr'>et</span> <span class='ocrx_word' id='word_1_180' title='bbox 1007 1758 1205 1804; x_wconf 87' lang='lat' dir='ltr'>alumnus</span> <span class='ocrx_word' id='word_1_181' title='bbox 1224 1756 1445 1820; x_wconf 83' lang='lat' dir='ltr'>legionum</span> <span class='ocrx_word' id='word_1_182' title='bbox 1472 1772 1560 1804; x_wconf 91' lang='lat' dir='ltr'>vo-</span> 
     </span>
     <span class='ocr_line' id='line_1_24' title="bbox 278 1831 1561 1888; baseline 0 -9"><span class='ocrx_word' id='word_1_183' title='bbox 278 1832 367 1880; x_wconf 87' lang='lat' dir='ltr'>cari</span> <span class='ocrx_word' id='word_1_184' title='bbox 393 1831 581 1888; x_wconf 85' lang='lat' dir='ltr'>solebat,</span> <span class='ocrx_word' id='word_1_185' title='bbox 601 1831 724 1877; x_wconf 87' lang='lat' dir='ltr'>nullo</span> <span class='ocrx_word' id='word_1_186' title='bbox 749 1832 929 1879; x_wconf 86' lang='lat' dir='ltr'>nomine</span> <span class='ocrx_word' id='word_1_187' title='bbox 954 1832 1166 1879; x_wconf 82' lang='lat' dir='ltr'>militibus</span> <span class='ocrx_word' id='word_1_188' title='bbox 1192 1831 1450 1881; x_wconf 78' lang='lat' dir='ltr'>familiarior</span> <span class='ocrx_word' id='word_1_189' title='bbox 1476 1850 1561 1881; x_wconf 86' lang='lat' dir='ltr'>un·</span> 
     </span>
     <span class='ocr_line' id='line_1_25' title="bbox 276 1903 1560 1969; baseline 0.001 -19"><span class='ocrx_word' id='word_1_190' title='bbox 276 1921 408 1969; x_wconf 87' lang='lat' dir='ltr'>quam</span> <span class='ocrx_word' id='word_1_191' title='bbox 435 1903 597 1950; x_wconf 61' lang='lat' dir='ltr'>factus:</span> <span class='ocrx_word' id='word_1_192' title='bbox 622 1904 696 1950; x_wconf 81' lang='lat' dir='ltr'>sed</span> <span class='ocrx_word' id='word_1_193' title='bbox 720 1905 806 1950; x_wconf 86' lang='lat' dir='ltr'>iam</span> <span class='ocrx_word' id='word_1_194' title='bbox 838 1904 1081 1968; x_wconf 83' lang='lat' dir='ltr'>Caligulam</span> <span class='ocrx_word' id='word_1_195' title='bbox 1106 1905 1362 1951; x_wconf 86' lang='lat' dir='ltr'>convicium</span> <span class='ocrx_word' id='word_1_196' title='bbox 1392 1917 1434 1952; x_wconf 91' lang='lat' dir='ltr'>et</span> <span class='ocrx_word' id='word_1_197' title='bbox 1453 1922 1560 1968; x_wconf 89' lang='lat' dir='ltr'>pro-</span> 
     </span>
     <span class='ocr_line' id='line_1_26' title="bbox 277 1976 1562 2042; baseline 0.001 -17"><span class='ocrx_word' id='word_1_198' title='bbox 277 1979 405 2025; x_wconf 88' lang='lat' dir='ltr'>brum</span> <span class='ocrx_word' id='word_1_199' title='bbox 435 1976 652 2024; x_wconf 87' lang='lat' dir='ltr'>iudicabat</span> <span class='ocrx_word' id='word_1_200' title='bbox 684 1978 983 2024; x_wconf 84' lang='lat' dir='ltr'>cothurnatus.</span> <span class='ocrx_word' id='word_1_201' title='bbox 1014 1981 1133 2042; x_wconf 82' lang='lat' dir='ltr'>Ergo</span> <span class='ocrx_word' id='word_1_202' title='bbox 1164 1979 1251 2025; x_wconf 86' lang='lat' dir='ltr'>&#39;noc</span> <span class='ocrx_word' id='word_1_203' title='bbox 1283 1979 1420 2041; x_wconf 86' lang='lat' dir='ltr'>ipsum</span> <span class='ocrx_word' id='word_1_204' title='bbox 1452 1979 1562 2026; x_wconf 90' lang='lat' dir='ltr'>sola-</span> 
     </span>
     <span class='ocr_line' id='line_1_27' title="bbox 277 2048 1562 2111; baseline 0.003 -14"><span class='ocrx_word' id='word_1_205' title='bbox 277 2050 344 2098; x_wconf 88' lang='lat' dir='ltr'>tio</span> <span class='ocrx_word' id='word_1_206' title='bbox 372 2048 482 2105; x_wconf 89' lang='lat' dir='ltr'>erit,</span> <span class='ocrx_word' id='word_1_207' title='bbox 516 2048 680 2094; x_wconf 70' lang='lat' dir='ltr'>etiamsi</span> <span class='ocrx_word' id='word_1_208' title='bbox 710 2049 857 2096; x_wconf 87' lang='lat' dir='ltr'>nostra</span> <span class='ocrx_word' id='word_1_209' title='bbox 883 2048 1063 2097; x_wconf 83' lang='lat' dir='ltr'>facilitas</span> <span class='ocrx_word' id='word_1_210' title='bbox 1091 2052 1305 2099; x_wconf 86' lang='lat' dir='ltr'>ultionem</span> <span class='ocrx_word' id='word_1_211' title='bbox 1335 2054 1562 2111; x_wconf 85' lang='lat' dir='ltr'>omiserit,</span> 
     </span>
     <span class='ocr_line' id='line_1_28' title="bbox 278 2121 1565 2188; baseline 0.004 -20"><span class='ocrx_word' id='word_1_212' title='bbox 278 2122 475 2169; x_wconf 88' lang='lat' dir='ltr'>futurum</span> <span class='ocrx_word' id='word_1_213' title='bbox 502 2121 690 2185; x_wconf 84' lang='lat' dir='ltr'>aliquem</span> <span class='ocrx_word' id='word_1_214' title='bbox 711 2158 724 2178; x_wconf 92' lang='lat'><strong>‚</strong></span> <span class='ocrx_word' id='word_1_215' title='bbox 757 2123 832 2185; x_wconf 87' lang='lat' dir='ltr'>qui</span> <span class='ocrx_word' id='word_1_216' title='bbox 859 2140 1025 2186; x_wconf 88' lang='lat' dir='ltr'>poenas</span> <span class='ocrx_word' id='word_1_217' title='bbox 1052 2124 1195 2188; x_wconf 74' lang='lat' dir='ltr'>exigat</span> <span class='ocrx_word' id='word_1_218' title='bbox 1218 2142 1242 2171; x_wconf 84' lang='lat' dir='ltr'>a</span> <span class='ocrx_word' id='word_1_219' title='bbox 1273 2140 1492 2188; x_wconf 83' lang='lat' dir='ltr'>procace,</span> <span class='ocrx_word' id='word_1_220' title='bbox 1521 2138 1565 2173; x_wconf 88' lang='lat' dir='ltr'>et</span> 
     </span>
     <span class='ocr_line' id='line_1_29' title="bbox 281 2196 1565 2262; baseline 0.003 -18"><span class='ocrx_word' id='word_1_221' title='bbox 281 2196 469 2260; x_wconf 85' lang='lat' dir='ltr'>superbo</span> <span class='ocrx_word' id='word_1_222' title='bbox 485 2231 499 2254; x_wconf 87' lang='lat'>‚</span> <span class='ocrx_word' id='word_1_223' title='bbox 516 2209 559 2243; x_wconf 88' lang='lat' dir='ltr'>et</span> <span class='ocrx_word' id='word_1_224' title='bbox 572 2196 784 2243; x_wconf 88' lang='lat' dir='ltr'>iniurioso</span> <span class='ocrx_word' id='word_1_225' title='bbox 802 2214 935 2260; x_wconf 85' lang='lat' dir='ltr'>:quae</span> <span class='ocrx_word' id='word_1_226' title='bbox 955 2197 1060 2244; x_wconf 83' lang='lat' dir='ltr'>vitia</span> <span class='ocrx_word' id='word_1_227' title='bbox 1077 2216 1296 2262; x_wconf 82' lang='lat' dir='ltr'>uunquam</span> <span class='ocrx_word' id='word_1_228' title='bbox 1316 2199 1361 2246; x_wconf 91' lang='lat' dir='ltr'>in</span> <span class='ocrx_word' id='word_1_229' title='bbox 1381 2219 1472 2248; x_wconf 86' lang='lat' dir='ltr'>uno</span> <span class='ocrx_word' id='word_1_230' title='bbox 1491 2203 1565 2248; x_wconf 71' lang='lat' dir='ltr'>ho-</span> 
     </span>
     <span class='ocr_line' id='line_1_30' title="bbox 280 2270 1565 2338; baseline 0.005 -23"><span class='ocrx_word' id='word_1_231' title='bbox 280 2271 399 2316; x_wconf 87' lang='lat' dir='ltr'>mine</span> <span class='ocrx_word' id='word_1_232' title='bbox 419 2300 434 2323; x_wconf 84' lang='lat'>‚</span> <span class='ocrx_word' id='word_1_233' title='bbox 469 2282 512 2316; x_wconf 90' lang='lat' dir='ltr'>et</span> <span class='ocrx_word' id='word_1_234' title='bbox 542 2270 586 2315; x_wconf 89' lang='lat' dir='ltr'>in</span> <span class='ocrx_word' id='word_1_235' title='bbox 617 2286 703 2315; x_wconf 87' lang='lat' dir='ltr'>una</span> <span class='ocrx_word' id='word_1_236' title='bbox 731 2272 998 2318; x_wconf 88' lang='lat' dir='ltr'>contumelia</span> <span class='ocrx_word' id='word_1_237' title='bbox 1032 2273 1362 2320; x_wconf 73' lang='lat' dir='ltr'>consumuntur.</span> <span class='ocrx_word' id='word_1_238' title='bbox 1411 2275 1565 2338; x_wconf 76' lang='lat' dir='ltr'>Respi-</span> 
     </span>
     <span class='ocr_line' id='line_1_31' title="bbox 283 2342 1567 2409; baseline 0.005 -21"><span class='ocrx_word' id='word_1_239' title='bbox 283 2342 449 2389; x_wconf 86' lang='lat' dir='ltr'>ciamus</span> <span class='ocrx_word' id='word_1_240' title='bbox 481 2358 638 2389; x_wconf 87' lang='lat' dir='ltr'>eorum</span> <span class='ocrx_word' id='word_1_241' title='bbox 667 2343 890 2406; x_wconf 81' lang='lat' dir='ltr'>exempla,</span> <span class='ocrx_word' id='word_1_242' title='bbox 926 2361 1118 2407; x_wconf 83' lang='lat' dir='ltr'>quorum</span> <span class='ocrx_word' id='word_1_243' title='bbox 1154 2345 1377 2393; x_wconf 85' lang='lat' dir='ltr'>laudamus</span> <span class='ocrx_word' id='word_1_244' title='bbox 1398 2348 1567 2409; x_wconf 77' lang='lat' dir='ltr'>patien-</span> 
     </span>
     <span class='ocr_line' id='line_1_32' title="bbox 280 2414 1567 2483; baseline 0.004 -20"><span class='ocrx_word' id='word_1_245' title='bbox 280 2414 415 2463; x_wconf 85' lang='lat' dir='ltr'>tiam:</span> <span class='ocrx_word' id='word_1_246' title='bbox 451 2429 499 2463; x_wconf 82' lang='lat' dir='ltr'>ut</span> <span class='ocrx_word' id='word_1_247' title='bbox 525 2417 743 2472; x_wconf 69' lang='lat' dir='ltr'>Socratis,</span> <span class='ocrx_word' id='word_1_248' title='bbox 768 2418 840 2481; x_wconf 84' lang='lat' dir='ltr'>qui</span> <span class='ocrx_word' id='word_1_249' title='bbox 872 2420 1209 2469; x_wconf 83' lang='lat' dir='ltr'>comoediarum</span> <span class='ocrx_word' id='word_1_250' title='bbox 1238 2419 1489 2483; x_wconf 65' lang='lat' dir='ltr'>publicatos</span> <span class='ocrx_word' id='word_1_251' title='bbox 1521 2421 1567 2468; x_wconf 86' lang='lat' dir='ltr'>in</span> 
     </span>
    </p>
   </div>
  </div>
 </body>
</html>
