1741 2919
489 175 594 226 DE
643 179 777 226 IRA
828 181 967 227 ΜΒ.
1016 182 1119 227 ΙΙΙ.
1394 202 1458 248 99

160 282 401 336 munditias
416 322 430 347 ,
447 287 586 335 verba
600 321 614 342 ,
633 285 921 333 contumelias
936 322 949 345 ‚
970 299 1012 333 et
1037 299 1185 336 motus
1207 305 1455 352 corporum

160 381 316 428 parum
336 361 639 419 honorificos,
657 372 700 406 et
720 361 984 424 suspiciones
999 398 1012 420 ‚
1033 374 1076 408 et
1092 365 1369 411 contumacia
1390 365 1454 412 iun

161 453 337 498 menta,
362 450 406 485 et
425 438 548 502 pigra
569 435 815 498 mancipia,
840 436 1225 498 interpretationes
1247 439 1456 503 malignas

159 510 288 575 vocis
312 510 508 559 alienae:
539 508 700 572 quibus
717 507 927 567 efficitur,
953 520 1003 555 ut
1027 509 1141 555 inter
1166 510 1347 559 iniurias
1374 531 1455 560 na-

160 599 284 631 turae
315 592 567 629 numeretur
595 580 741 627 sermo
771 581 944 627 homini
974 582 1114 629 datus,
1146 583 1290 632 Crede
1316 586 1456 644 mihi„

157 655 275 703 levia
295 654 416 702 sunt:
438 664 623 717 propter
638 670 749 716 quae
771 670 863 700 non
883 654 1043 703 leviter
1066 657 1422 706 excandescimus
1440 694 1457 715 ‚

159 726 305 791 qualia
331 743 444 790 quae
475 742 637 789 pueros
663 726 711 772 in
746 726 886 772 rixam
920 740 964 774 et
993 728 1457 793 iurgiumconcitant.

156 801 280 848 Nihil
310 818 365 848 ex
393 801 485 858 his,
516 817 628 865 quae
657 813 745 846 tam
779 799 920 847 tristes
945 801 1147 865 agimus‚
1174 803 1332 851 serium
1365 805 1455 864 est„

158 876 267 924 nihil
283 893 508 945 magnum.
528 877 634 923 Inde
647 913 658 933 ,
672 875 851 938 inquam
868 910 881 931 ‚
899 875 1030 924 vobis
1049 877 1112 924 ira
1129 891 1172 925 et
1190 880 1353 926 insania
1366 882 1455 938 est,

156 949 281 1014 quod
299 951 458 1013 exigua
484 966 647 1014 magno
665 948 908 996 aestimatis.
946 950 1131 998 Auferre
1154 953 1228 999 hic
1246 955 1354 1001 mihi
1374 956 1459 1003 he-

158 1024 387 1070 reditatem
412 1023 558 1070 voluit
581 1041 592 1069 :
616 1022 688 1070 hic
709 1039 779 1069 me
803 1022 879 1069 diu
905 1024 979 1085 spe
999 1026 1199 1088 suprema
1227 1042 1455 1091 captatum

157 1098 410 1146 criminatus
431 1098 519 1146 est:
536 1098 609 1145 hic
626 1098 817 1144 scortum
839 1114 986 1145 meum
1009 1102 1285 1164 concupivit.
1311 1104 1454 1164 Quod

136 1170 384 1219 vinculum
411 1171 574 1218 amoris
600 1170 688 1217 effe
707 1171 921 1231 debebat,
949 1172 1175 1222 seditionis
1199 1188 1329 1241 atque
1357 1177 1454 1226 odii

157 1245 283 1292 causa
304 1245 386 1303 est,
407 1245 527 1293 idem
552 1244 680 1293 velle.

222 1320 427 1366 XXXV.
458 1321 543 1367 Iter
568 1317 794 1383 angustum
820 1317 934 1367 rixas
959 1319 1273 1369 transeuntium
1297 1321 1453 1372 conci*

155 1403 244 1440 tat:
264 1393 418 1440 diffusa
434 1408 478 1440 et
498 1393 580 1441 late
596 1404 748 1456 patens
767 1393 840 1440 via
860 1409 916 1440 ne
936 1394 1130 1456 populos
1148 1396 1328 1460 quidem
1354 1398 1453 1445 col-

154 1463 262 1515 lidit.
286 1467 366 1514 Ista
400 1483 512 1531 quae
537 1466 742 1531 appetitis
757 1499 771 1522 ‚
800 1466 901 1530 quia
921 1467 1080 1531 exigua
1099 1469 1196 1515 sunt
1210 1505 1223 1527 ,
1243 1486 1324 1516 nec
1346 1470 1453 1533 pos-

156 1540 254 1587 sunt
277 1540 332 1586 ad
354 1539 563 1598 alterum,
581 1540 658 1586 nifi
683 1539 805 1587 alteri
828 1554 977 1602 erepta
991 1576 1003 1597 ‚
1023 1540 1247 1588 transferri
1265 1559 1276 1588 τ
1297 1544 1452 1591 eadem

155 1612 459 1661 affe&antibus
485 1631 677 1678 pugnarn
698 1627 741 1660 et
767 1613 906 1676 iurgia
929 1614 1133 1661 excitant.
1163 1616 1453 1680 Respondisse

154 1688 235 1735 tibi
271 1688 446 1736 servum
482 1688 722 1752 indignaris
759 1687 1035 1752 liberumque
1071 1700 1115 1735 et
1149 1707 1338 1737 uxorem
1361 1728 1372 1750 ‚
1409 1705 1453 1739 et

155 1761 361 1808 clientem
383 1778 394 1807 τ
414 1759 574 1808 deinde
591 1762 709 1808 idem
731 1761 785 1807 de
802 1760 1026 1823 republica
1043 1761 1285 1808 libertatem
1310 1764 1451 1810 subla-

156 1849 246 1883 tam
267 1834 484 1899 quereris‚
510 1852 642 1899 quam
666 1835 792 1882 domi
825 1835 1036 1882 sustulisti.
1066 1836 1229 1883 Rursus
1259 1837 1289 1882 s1
1316 1840 1452 1885 tacuit

154 1908 478 1972 interrogatus,
507 1909 835 1956 contumaciam
869 1925 1020 1955 vocas.
1052 1911 1107 1955 Et
1139 1909 1374 1972 loquatur,
1408 1925 1454 1960 et

153 1994 296 2029 taceat
313 2016 328 2039 ‚
353 1992 396 2027 et
421 1980 573 2027 rideat.
600 1997 752 2027 coram
778 1979 1000 2026 domino?
1022 1979 1184 2043 inqui&
1204 1981 1347 2028 immo
1371 2001 1452 2031 co«a

154 2070 246 2099 ram
276 2051 595 2115 patrefamilias.
624 2052 749 2113 Quid
781 2053 977 2100 clamas?
1008 2054 1116 2117 quid
1149 2053 1411 2103 vociferaris
1430 2059 1453 2104 ἓ

155 2125 262 2190 quid
286 2125 457 2189 flagella
477 2125 622 2173 media
645 2142 784 2173 coena
808 2125 947 2188 petis,
975 2127 1098 2190 quod
1124 2125 1238 2174 servi
1256 2126 1453 2190 loquuti«

154 2212 254 2252 tur,
277 2197 402 2260 quod
432 2212 524 2243 non
552 2196 712 2243 eodem
742 2197 848 2243 loco
873 2197 1002 2243 turba
1025 2197 1258 2243 concionis
1287 2198 1374 2257 est,
1408 2215 1453 2249 et

155 2269 372 2316 silentium
406 2270 699 2318 solitudinis?
733 2273 781 2316 In
816 2271 906 2317 hoc
943 2269 1076 2317 habes
1108 2287 1261 2328 aures,
1289 2288 1337 2320 ut
1372 2275 1452 2322 nisi

157 2342 383 2389 modulata
403 2354 570 2390 tantum
590 2357 634 2390 et
651 2344 823 2398 mollia,
844 2357 887 2389 et
906 2361 958 2389 ex
974 2342 1090 2388 dulci
1108 2343 1242 2388 tracta
1261 2360 1452 2409 compo-

156 2414 318 2477 sitaque
338 2416 579 2479 accipiant?
601 2420 653 2462 Et
672 2417 804 2463 risum
826 2418 974 2463 audias
991 2428 1196 2479 oportet,
1215 2429 1257 2463 et
1272 2417 1450 2476 fletum;

155 2500 198 2536 et
216 2489 470 2551 blanditias,
484 2505 528 2537 et
544 2491 667 2547 lites;
687 2503 730 2537 et
749 2490 976 2554 prospera,
996 2502 1040 2537 et
1059 2489 1192 2537 tristia
1207 2507 1220 2545 3
1238 2503 1281 2538 et
1299 2491 1451 2541 homi-

1124 2557 1167 2601 (ἒ
1195 2571 1220 2601 2
