1741 2919
283 153 375 185 120
518 138 593 184 ι.
639 135 937 182 ANNAEI
986 97 1344 183 ‘sm'xJEcAss

275 244 361 300 las,
392 243 614 292 Sciathum
645 255 688 291 et
719 242 982 305 Seriphum,
1017 243 1219 307 Gyarum
1237 278 1252 302 ,
1276 255 1320 291 et
1348 244 1566 292 Cosuram

275 332 390 382 pete.
434 319 600 364 nullum
638 318 838 366 invenies
884 317 1080 365 exsilium
1101 354 1125 376 ,γ
1152 318 1196 364 in
1229 335 1322 381 quo
1359 334 1451 364 non
1486 318 1567 365 ali-

275 392 375 455 quis
408 392 542 437 amici
565 392 689 439 causa
718 403 934 439 moretur.
975 390 1100 452 Quid
1128 404 1218 437 tam
1245 392 1413 437 nudum
1439 391 1570 438 inve-

274 465 361 511 niri
382 464 548 528 potest,
572 466 681 528 quid
708 477 795 512 tam
818 465 1051 527 abruptum
1078 464 1302 528 undique,
1322 482 1454 529 quam
1476 466 1566 512 hoc

275 537 456 585 saxum?
481 539 589 601 quid
610 539 664 585 ad
683 540 836 601 copias
862 538 1116 600 respicienti
1141 537 1359 585 ieiunius?
1385 539 1492 601 quid
1512 539 1569 584 ad

277 608 488 654 homines
517 608 886 655 immansuetius?
921 608 1032 671 quid
1057 609 1113 655 ad
1148 608 1290 670 ipsum
1320 609 1407 655 loci
1439 607 1569 654 situm

276 682 567 743 horribilius?
596 683 704 747 quid
733 684 786 730 ad
816 682 932 731 coeli
958 697 1158 730 naturam
1189 683 1523 745 intemperatius
1547 681 1565 727 ἒ

280 757 427 818 plures
454 768 600 803 tamen
626 757 698 803 hic
729 756 978 821 peregrini,
1009 774 1141 820 quam
1164 758 1284 804 cives
1317 756 1570 804 consistunt.

278 829 433 893 Usque
456 847 512 877 eo
530 847 639 894 ergo
660 830 955 877 commutatio
977 830 1069 893 ipsa
1086 831 1290 877 locorum
1315 830 1458 893 gravis
1479 849 1571 877 non

277 903 367 959 est,
397 920 446 951 ut
468 904 542 951 hic
569 906 753 968 'quoque
774 905 901 952 locus
926 922 949 950 a
969 904 1107 967 patria
1128 905 1345 967 quosdam
1373 905 1572 951 abduxe-

279 978 350 1026 rit.
382 978 570 1024 Invenio
597 978 674 1041 qui
704 978 879 1031 dicant,
916 977 1049 1024 ines-se
1082 978 1324 1024 naturalem
1351 979 1574 1041 quandam

279 1123 405 1171 rendi
433 1122 675 1169 domicilia.
705 1123 891 1170 Mobilis
919 1123 1036 1169 enim
1062 1134 1106 1170 et
1125 1122 1321 1185 inquieta
1350 1140 1473 1170 mens
1494 1125 1577 1170 ho-

280 1197 390 1246 mini
410 1196 509 1243 data
538 1194 631 1242 est:
659 1212 886 1258 nunquam
913 1195 955 1243 se
982 1210 1101 1244 tenet
1121 1214 1132 1241 :
1154 1196 1398 1260 spargitur,
1425 1212 1468 1244 et
1496 1214 1577 1244 co-

280 1269 520 1336 gitationes
550 1270 645 1316 suas
675 1269 722 1316 in
756 1270 910 1316 omnia
938 1282 1043 1316 nota
1073 1282 1204 1334 atque
1239 1272 1391 1333 ignota
1420 1271 1576 1318 dimit-

281 1356 358 1402 tlt,
390 1359 503 1405 vaga
524 1378 537 1400 ‚
572 1356 616 1389 et
645 1355 803 1405 quietis
833 1358 1094 1405 impatiens,
1121 1356 1165 1391 et
1198 1358 1396 1391 novitate
1427 1361 1578 1393 rerum

281 1415 524 1464 laetissima.
557 1415 697 1475 Quod
719 1431 811 1461 non
836 1415 1063 1464 miraberis
1077 1454 1090 1475 ,
1109 1416 1139 1464 st
1161 1418 1349 1479 primam
1377 1418 1469 1465 eius
1489 1419 1579 1465 ori·

284 1493 431 1556 ginem
458 1488 715 1553 adspexeris.
741 1491 848 1545 Non
875 1508 928 1539 ex
948 1503 1123 1537 terreno
1148 1506 1192 1538 et
1219 1492 1341 1554 gravi
1368 1505 1577 1539 concreta

283 1581 504 1627 corpore:
526 1582 580 1612 ex
600 1565 677 1613 illo
696 1563 873 1612 coelesti
891 1563 1045 1626 spiriru
1065 1565 1298 1612 descendit.
1321 1566 1576 1614 coelestium

285 1653 432 1685 autem
466 1650 619 1684 natura
642 1636 813 1700 semper
844 1637 888 1683 in
921 1653 1051 1684 motu
1078 1637 1139 1685 est
1165 1656 1176 1684 ε
1204 1637 1345 1702 fugit,
1376 1655 1419 1686 et
1447 1641 1579 1689 velo·-

285 1712 460 1760 ciffimo
492 1711 619 1760 cursu
645 1711 797 1776 agitur.
837 1708 1027 1773 Adspice
1059 1709 1197 1757 sidera
1229 1711 1446 1758 mundum
1476 1710 1592 1760 illu-'

287 1787 463 1835 firanria
497 1805 508 1834 ε
540 1786 705 1833 nullum
739 1804 897 1833 eorum
931 1784 1104 1847 perstat.
1132 1786 1293 1832 labitur
1320 1785 1508 1845 affidue,
1535 1803 1580 1835 et

287 1863 437 1909 locum
462 1879 517 1908 ex
541 1863 645 1908 loco
673 1872 839 1907 mutat:
873 1860 1081 1923 quamvis
1107 1877 1209 1906 cum
1235 1860 1446 1906 universo
1476 1878 1582 1907 ver-

288 1948 425 1990 tant,
454 1936 498 1981 in
522 1934 792 1982 contrarium
822 1932 1109 1982 nihilominus
1135 1931 1213 1995 ipsi
1241 1933 1412 1979 mundo
1441 1932 1583 1979 refer-

289 2024 390 2058 tur:
414 2027 491 2072 per
515 2025 673 2055 omnes
693 2008 917 2071 signorum
941 2022 1084 2069 partes
1113 2006 1342 2061 discurrit;
1371 2017 1582 2068 perpetua

291 2085 386 2132 eius
412 2085 619 2147 agitatio,
647 2096 691 2130 et
708 2084 883 2130 aliunde
910 2084 999 2129 alio
1026 2082 1340 2145 commigratio
1360 2080 1433 2129 est.
1463 2082 1581 2127 Om-

291 2158 366 2209 nia
393 2159 641 2203 volvuntur
666 2156 862 2218 semper,
889 2156 934 2201 iii
961 2155 1139 2201 transitu
1160 2155 1284 2209 sunt,
1307 2166 1413 2201 erut
1433 2153 1505 2199 lex
1535 2167 1580 2202 et

293 2242 474 2277 naturae
505 2229 727 2277 neceffitas
751 2222 1009 2287 ordinavit,
1041 2228 1217 2275 aliunde
1246 2229 1333 2276 alio
1365 2227 1580 2274 deferune

294 2316 378 2353 tur„
411 2303 527 2349 Cum
557 2319 636 2366 per
665 2317 784 2353 certa
813 2319 1031 2349 annorum
1058 2301 1191 2364 spatia
1223 2303 1354 2349 orbes
1377 2302 1478 2347 suos
1501 2317 1582 2347 ex·-

295 2374 556 2439 plicuerint,
582 2375 740 2422 iterum
765 2375 893 2422 ibunt
920 2391 1000 2438 per
1024 2391 1136 2437 quae
1161 2386 1387 2423 venerant.
1408 2376 1424 2420 1
1445 2389 1585 2428 nunc,

298 2457 344 2499 et
385 2446 582 2499 animum
617 2448 859 2497 humanum
878 2483 893 2508 ‚
943 2465 996 2498 ex
1031 2447 1185 2497 iisdem
1228 2446 1387 2512 quibus
1436 2445 1586 2497 divina
