1741 2919
215 153 364 203 NOT.
384 155 495 202 LIT.
516 155 598 201 DE
623 155 669 202 L.
691 154 944 200 ANNAEO
970 154 1213 200 SENECA.
1264 168 1398 202 xxix

281 261 489 302 latinorum
505 258 704 300 Christiani
724 260 775 300 IV
799 262 833 300 ὃς
847 260 1029 300 Friderici
1046 261 1227 300 iuvenum
1251 261 1398 313 ephori.

282 326 449 365 Senecae
477 322 680 374 epistolae:
713 322 912 372 impressae
940 324 1058 374 Partss
1086 323 1164 362 Has
1191 322 1315 363 servat
1340 324 1399 363 Bi-

281 378 418 418 blioth.
440 377 700 417 Mazariniana
713 407 724 422 ‚
743 378 779 415 <Sc
799 384 989 415 memorat
1006 375 1257 416 Chevillerius
1273 391 1310 428 p.
1336 378 1394 430 56.

280 433 351 474 His
368 433 538 473 adiectae
563 432 678 470 etiam
701 430 889 481 Epistolae
910 431 959 469 ad
984 430 1142 469 Paulum
1157 430 1394 482 Apostolum.

122 486 222 540 1478
287 487 436 538 Tarvifii
459 484 526 525 fol.
555 486 642 525 Hoc
664 484 859 524 volumine
875 484 1121 524 continentur
1145 485 1214 523 infr
1224 500 1244 524 a
1268 485 1399 536 scripti

118 1675 218 1725 1484

119 1751 216 1792 1492

279 540 366 580 libri
388 542 566 581 Senecae.
595 539 763 578 Primum
791 539 902 579 Liber
930 553 1027 578 unus
1055 540 1103 578 de
1127 540 1308 579 moribus.
1337 539 1396 579 Li-

279 595 346 635 ber
376 608 474 633 unus
501 595 548 632 de
573 593 739 633 formula
771 592 950 632 honestae
977 594 1105 632 vitae:
1131 593 1189 633 vel
1230 595 1277 633 de
1307 607 1396 645 qua-

276 658 367 688 tuor
387 649 593 688 virtutibus
625 647 893 687 cardinalibus.
922 647 1032 687 Liber
1061 661 1154 686 nnus
1186 648 1234 687 ad
1258 647 1397 687 Gallio-

276 717 367 743 nem
395 703 442 741 de
475 702 650 741 remediis
673 702 935 741 fortuitorum.
967 701 1068 741 Libri
1097 703 1234 740 decem
1272 702 1398 741 decla-

275 759 508 797 mationum.
542 756 643 796 Libri
685 757 761 795 duo
791 757 838 794 de
865 756 1070 794 clementia
1106 756 1155 795 ad
1184 757 1391 796 Neronem.

275 811 381 852 Libri
402 811 549 861 septem
579 811 627 849 cle
654 810 847 850 beneficiis
874 811 922 849 ari
950 809 1151 849 iburtium
1169 809 1393 850 Liberalem.

277 865 382 906 Libri
405 873 481 904 tres
511 865 559 903 de
586 864 645 903 Ira
669 865 717 903 ad
740 866 948 903 Novatum.
966 864 1078 903 Liber
1105 877 1201 903 unus
1222 865 1269 903 de
1289 877 1397 903 mun-

279 920 319 959 di
344 919 644 971 gubernatione,
674 919 801 958 divina
832 918 1073 969 providentia
1096 920 1132 958 ὃ(
1157 932 1273 969 quare
1300 918 1397 957 mul-

277 981 318 1020 ta
344 973 443 1012 mala
467 973 576 1012 bonis
602 972 690 1011 viris
720 973 909 1012 accidant.
938 972 1050 1011 Liber
1074 985 1172 1011 unus
1208 974 1255 1012 de
1285 973 1397 1013 beata

275 1028 355 1068 vita
388 1029 436 1067 ad
461 1026 688 1067 Gallionem.
723 1027 835 1066 Liber
863 1039 956 1064 unus
985 1026 1033 1065 de
1060 1025 1322 1066 consolatione
1350 1027 1399 1066 ad

276 1081 454 1121 Albinam
491 1091 653 1120 matrem
687 1080 806 1120 suam.
850 1081 960 1120 Liber
986 1093 1084 1119 unus
1111 1081 1158 1119 de
1187 1081 1399 1131 tranquilli-

277 1144 358 1175 tate
381 1136 481 1176 vitae
507 1137 555 1175 ad
582 1136 777 1175 Serenum.
807 1135 919 1175 Liber
940 1147 1038 1173 unus
1063 1135 1259 1184 quomodo
1281 1136 1321 1174 in
1343 1135 1397 1174 sa-

276 1190 449 1241 pientem
470 1203 548 1228 non
570 1190 674 1229 cadit
700 1190 847 1228 iniuria.
873 1189 986 1229 Liber
1009 1201 1106 1227 unus
1136 1190 1183 1227 de
1210 1189 1398 1229 brevitate

276 1244 378 1284 vitae
412 1245 460 1284 ad
484 1243 708 1283 Paulinum:
737 1244 799 1282 cui
823 1243 1070 1281 continuatur
1098 1242 1194 1282 liber
1230 1257 1328 1282 unus
1351 1244 1399 1282 de

276 1297 539 1338 consolatione
573 1298 700 1337 fratris
732 1298 781 1336 ad
814 1297 1017 1348 Polybium
1049 1297 1125 1335 fine
1151 1297 1399 1348 inscriptione

278 1354 315 1392 ἃ
342 1352 542 1392 intervallo
580 1365 626 1391 ex
654 1352 800 1391 incuria
838 1350 973 1390 famuli
1009 1352 1304 1402 componentis:
1335 1352 1399 1401 qui

275 1407 439 1457 incipit,
464 1406 600 1447 Nostra
624 1416 824 1457 compares
845 1404 1082 1444 fii-mausum.
1109 1406 1312 1445 Proverbia
1335 1407 1399 1445 Sc-

275 1473 406 1500 necae.
435 1460 580 1501 Ultimo
606 1460 775 1499 eiusdem
806 1459 987 1510 epistolae
1016 1459 1065 1499 ad
1091 1459 1281 1499 Lucilium
1311 1472 1398 1498 cen-

275 1515 677 1565 tumvigintiquinque.
700 1514 896 1566 Imprejffitm
921 1515 1069 1566 Tarvifii
1094 1527 1161 1564 per
1182 1515 1399 1553 Bernardum

275 1570 315 1607 de
340 1570 514 1617 Colonia,
539 1571 651 1608 Anno
672 1570 804 1607 domini
832 1567 1021 1618 1478.fol.
1054 1568 1166 1608 Hanc
1186 1568 1400 1607 editionem

274 1623 374 1662 vidit
398 1624 453 1663 10.
478 1623 579 1663 Frid.
611 1623 839 1662 Gronovius.

272 1678 542 1732 Neapolitanna
556 1678 605 1716 II.
618 1678 644 1716 f.
668 1678 779 1717 Hanc
792 1677 910 1715 habet
921 1676 1163 1717 Bibliotheca
1177 1677 1397 1717 Barberina.

276 1740 407 1777 Veneta
419 1737 448 1776 I.
476 1738 644 1777 Senecae
667 1749 785 1787 opera
807 1737 948 1775 omnia.
978 1736 1134 1775 Venetiis
1146 1735 1400 1788 imp1·effiz.Die

273 1792 398 1830 ultima
421 1792 576 1830 oblobris.
593 1792 664 1829 Per
674 1792 952 1829 Bernhardinum
974 1792 1014 1827 ale
1039 1791 1140 1828 Coris
1161 1791 1201 1827 de
1217 1792 1397 1834 Cremona.

273 1843 340 1885 fol.
364 1845 449 1885 Hac
467 1845 636 1884 editione
658 1844 905 1884 continentur
933 1845 1101 1884 Senecae
1132 1843 1322 1894 Epistolae
1349 1844 1402 1883 ad

269 1898 431 1940 Paulum
458 1901 494 1938 &
519 1899 624 1939 Pauli
651 1899 700 1938 ad
737 1900 822 1938 Sen.
852 1897 1048 1949 Epistolar.
1079 1897 1145 1937 lib.
1171 1898 1302 1937 XXII.
1341 1898 1401 1936 De

273 1961 516 2005 paupertate.
539 1953 596 1992 De
616 1952 800 1992 moribus.
829 1953 917 1991 Vita
943 1954 1121 1992 Senecae.
1154 1951 1211 1991 De
1231 1951 1400 1990 formula

273 2007 454 2047 honestae
468 2008 581 2046 vitae.
615 2007 673 2047 De
700 2006 879 2046 remediis
905 2007 1167 2045 fortuitorum.
1196 2005 1400 2045 Declama-

273 2062 426 2101 tionum
448 2060 535 2100 libri
560 2062 611 2101 X.
640 2061 698 2100 De
719 2060 925 2099 clementia
942 2060 1028 2099 libri
1055 2060 1103 2099 Π.
1127 2060 1184 2105 De
1204 2060 1400 2098 beneficiis

274 2115 364 2155 libri
386 2115 467 2155 VII.
493 2115 550 2155 De
572 2115 627 2154 ira
648 2114 713 2154 lib.
740 2115 807 2154 III.
832 2114 890 2153 De
920 2114 1177 2165 providentia.
1205 2114 1263 2152 De
1287 2114 1400 2153 beata

274 2170 364 2209 vita.
390 2169 448 2209 De
489 2169 750 2209 consolatione
785 2169 832 2207 ad
862 2168 1085 2215 Marciam3
1126 2168 1175 2206 ad
1207 2167 1397 2207 Albinam.

273 2224 333 2263 De
354 2223 631 2274 tranquillitate
649 2224 761 2262 vitae.
790 2223 1002 2273 Quomodo
1028 2223 1066 2260 in
1082 2222 1294 2272 sapientem
1319 2235 1399 2260 non

275 2277 381 2316 cadit
413 2278 559 2317 iniuria.
591 2278 648 2316 De
674 2278 861 2317 brevitate
895 2277 1019 2324 vitae,
1059 2276 1121 2313 cui
1151 2276 1398 2315 continuatur

274 2330 372 2370 liber
397 2332 445 2371 de
471 2331 731 2371 consolatione
759 2331 807 2370 ad
831 2329 1044 2382 Polybium.
1071 2329 1130 2368 De
1149 2329 1279 2368 studiis
1302 2329 1396 2369 libe-

275 2384 429 2425 ralibus.
466 2386 678 2425 Proverbia.
713 2384 991 2436 Quaestionum
1030 2382 1265 2423 naturalium
1299 2382 1396 2423 liber

273 2438 358 2478 VII.
383 2439 643 2479 Suasoriarum
680 2441 714 2479 ὃς
757 2438 1101 2477 controversiarum
1140 2437 1203 2477 lib.
1240 2436 1303 2478 VI.
1345 2437 1396 2477 Et

276 2491 377 2534 hanc
399 2494 612 2536 editionem
635 2493 731 2536 vidit
758 2493 816 2536 Io.
843 2492 946 2535 Frid.
976 2491 1206 2535 Gronovius.
