<?xml version="1.0" encoding="UTF-8"?>
<!DOCTYPE html PUBLIC "-//W3C//DTD XHTML 1.0 Transitional//EN"
    "http://www.w3.org/TR/xhtml1/DTD/xhtml1-transitional.dtd">
<html xmlns="http://www.w3.org/1999/xhtml" xml:lang="en" lang="en">
 <head>
  <title>
</title>
<meta http-equiv="Content-Type" content="text/html;charset=utf-8" />
  <meta name='ocr-system' content='tesseract 3.04.00' />
  <meta name='ocr-capabilities' content='ocr_page ocr_carea ocr_par ocr_line ocrx_word'/>
</head>
<body>
  <div class='ocr_page' id='page_1' title='image "./lannaeisenecaeph01seneuoft_0109.png"; bbox 0 0 1741 2919; ppageno 0'>
   <div class='ocr_carea' id='block_1_1' title="bbox 475 134 1419 198">
    <p class='ocr_par' dir='ltr' id='par_1_1' title="bbox 475 134 1419 198">
     <span class='ocr_line' id='line_1_1' title="bbox 475 134 1419 198; baseline -0.001 -15"><span class='ocrx_word' id='word_1_1' title='bbox 475 135 580 183; x_wconf 78' lang='lat' dir='ltr'>DE</span> <span class='ocrx_word' id='word_1_2' title='bbox 627 136 763 182; x_wconf 77' lang='lat' dir='ltr'>IRA</span> <span class='ocrx_word' id='word_1_3' title='bbox 808 134 1064 182; x_wconf 84' lang='lat' dir='ltr'>LIB.11.</span> <span class='ocrx_word' id='word_1_4' title='bbox 1360 137 1419 198; x_wconf 73' lang='lat'>63</span> 
     </span>
    </p>
   </div>
   <div class='ocr_carea' id='block_1_2' title="bbox 133 239 1429 381">
    <p class='ocr_par' dir='ltr' id='par_1_2' title="bbox 133 239 1429 381">
     <span class='ocr_line' id='line_1_2' title="bbox 134 239 1428 306; baseline 0 -17"><span class='ocrx_word' id='word_1_5' title='bbox 134 239 458 305; x_wconf 78' lang='lat' dir='ltr'><strong>imprecantur:</strong></span> <span class='ocrx_word' id='word_1_6' title='bbox 481 252 524 286; x_wconf 90' lang='lat' dir='ltr'>et</span> <span class='ocrx_word' id='word_1_7' title='bbox 546 240 668 288; x_wconf 81' lang='lat' dir='ltr'>irasci</span> <span class='ocrx_word' id='word_1_8' title='bbox 694 241 747 288; x_wconf 82' lang='lat' dir='ltr'>se&#39;</span> <span class='ocrx_word' id='word_1_9' title='bbox 768 252 929 305; x_wconf 81' lang='lat' dir='ltr'>negant</span> <span class='ocrx_word' id='word_1_10' title='bbox 946 276 960 299; x_wconf 89' lang='lat'>,</span> <span class='ocrx_word' id='word_1_11' title='bbox 994 258 1087 288; x_wconf 90' lang='lat' dir='ltr'>non</span> <span class='ocrx_word' id='word_1_12' title='bbox 1117 240 1268 301; x_wconf 79' lang='lat' dir='ltr'>minus</span> <span class='ocrx_word' id='word_1_13' title='bbox 1291 258 1428 306; x_wconf 89' lang='lat' dir='ltr'>quam</span> 
     </span>
     <span class='ocr_line' id='line_1_3' title="bbox 133 314 1429 381; baseline 0.001 -18"><span class='ocrx_word' id='word_1_14' title='bbox 133 316 348 372; x_wconf 80' lang='lat' dir='ltr'><strong>insanire,</strong></span> <span class='ocrx_word' id='word_1_15' title='bbox 373 315 539 363; x_wconf 86' lang='lat' dir='ltr'>furiofi.</span> <span class='ocrx_word' id='word_1_16' title='bbox 561 315 841 362; x_wconf 83' lang='lat' dir='ltr'>Amiciffimis</span> <span class='ocrx_word' id='word_1_17' title='bbox 868 314 1040 374; x_wconf 78' lang='lat' dir='ltr'>hostes,</span> <span class='ocrx_word' id='word_1_18' title='bbox 1070 316 1329 381; x_wconf 80' lang='lat' dir='ltr'>vitandique</span> <span class='ocrx_word' id='word_1_19' title='bbox 1351 333 1429 364; x_wconf 89' lang='lat' dir='ltr'>ca-</span> 
     </span>
    </p>
   </div>
   <div class='ocr_carea' id='block_1_3' title="bbox 61 390 1429 454">
    <p class='ocr_par' dir='ltr' id='par_1_3' title="bbox 61 390 1429 454">
     <span class='ocr_line' id='line_1_4' title="bbox 61 390 1429 454; baseline 0.001 -18"><span class='ocrx_word' id='word_1_20' title='bbox 61 432 67 436; x_wconf 94' lang='lat'>.</span> <span class='ocrx_word' id='word_1_21' title='bbox 133 390 304 438; x_wconf 86' lang='lat' dir='ltr'>riffimis</span> <span class='ocrx_word' id='word_1_22' title='bbox 326 391 502 454; x_wconf 82' lang='lat' dir='ltr'>:legum</span> <span class='ocrx_word' id='word_1_23' title='bbox 521 426 535 449; x_wconf 92' lang='lat'>‚</span> <span class='ocrx_word' id='word_1_24' title='bbox 561 390 639 437; x_wconf 77' lang='lat' dir='ltr'>nifi</span> <span class='ocrx_word' id='word_1_25' title='bbox 669 407 757 454; x_wconf 85' lang='lat' dir='ltr'>qua</span> <span class='ocrx_word' id='word_1_26' title='bbox 785 400 982 448; x_wconf 88' lang='lat' dir='ltr'>nocent,</span> <span class='ocrx_word' id='word_1_27' title='bbox 1017 390 1305 438; x_wconf 85' lang='lat' dir='ltr'>immemores</span> <span class='ocrx_word' id='word_1_28' title='bbox 1322 426 1337 449; x_wconf 90' lang='lat'>‚</span> <span class='ocrx_word' id='word_1_29' title='bbox 1372 390 1429 437; x_wconf 86' lang='lat' dir='ltr'>ad</span> 
     </span>
    </p>
   </div>
   <div class='ocr_carea' id='block_1_4' title="bbox 67 463 1432 1489">
    <p class='ocr_par' dir='ltr' id='par_1_4' title="bbox 67 463 1432 1489">
     <span class='ocr_line' id='line_1_5' title="bbox 135 463 1429 524; baseline 0.001 -13"><span class='ocrx_word' id='word_1_30' title='bbox 135 465 320 512; x_wconf 87' lang='lat' dir='ltr'>minima</span> <span class='ocrx_word' id='word_1_31' title='bbox 350 464 552 512; x_wconf 87' lang='lat' dir='ltr'>mobiles.</span> <span class='ocrx_word' id='word_1_32' title='bbox 582 480 675 511; x_wconf 92' lang='lat' dir='ltr'>non</span> <span class='ocrx_word' id='word_1_33' title='bbox 698 463 903 511; x_wconf 86' lang='lat' dir='ltr'>sermone</span> <span class='ocrx_word' id='word_1_34' title='bbox 923 496 939 520; x_wconf 90' lang='lat'>,</span> <span class='ocrx_word' id='word_1_35' title='bbox 969 481 1062 511; x_wconf 89' lang='lat' dir='ltr'>non</span> <span class='ocrx_word' id='word_1_36' title='bbox 1086 464 1240 512; x_wconf 83' lang='lat' dir='ltr'>officio</span> <span class='ocrx_word' id='word_1_37' title='bbox 1261 501 1275 524; x_wconf 90' lang='lat'>‚</span> <span class='ocrx_word' id='word_1_38' title='bbox 1308 465 1429 512; x_wconf 86' lang='lat' dir='ltr'>aditu</span> 
     </span>
     <span class='ocr_line' id='line_1_6' title="bbox 135 538 1430 604; baseline 0.002 -18"><span class='ocrx_word' id='word_1_39' title='bbox 135 538 298 587; x_wconf 75' lang='lat' dir='ltr'>faciles.</span> <span class='ocrx_word' id='word_1_40' title='bbox 328 538 492 585; x_wconf 88' lang='lat' dir='ltr'>Omnia</span> <span class='ocrx_word' id='word_1_41' title='bbox 524 554 603 602; x_wconf 89' lang='lat' dir='ltr'>per</span> <span class='ocrx_word' id='word_1_42' title='bbox 635 539 728 587; x_wconf 89' lang='lat' dir='ltr'>vim</span> <span class='ocrx_word' id='word_1_43' title='bbox 759 552 947 603; x_wconf 84' lang='lat' dir='ltr'>gerunt,</span> <span class='ocrx_word' id='word_1_44' title='bbox 979 538 1131 604; x_wconf 83' lang='lat' dir='ltr'>gladiis</span> <span class='ocrx_word' id='word_1_45' title='bbox 1163 551 1206 588; x_wconf 90' lang='lat' dir='ltr'>et</span> <span class='ocrx_word' id='word_1_46' title='bbox 1236 557 1430 604; x_wconf 85' lang='lat' dir='ltr'>pugnare</span> 
     </span>
     <span class='ocr_line' id='line_1_7' title="bbox 135 611 1431 675; baseline 0.004 -18"><span class='ocrx_word' id='word_1_47' title='bbox 135 612 302 675; x_wconf 86' lang='lat' dir='ltr'>parati,</span> <span class='ocrx_word' id='word_1_48' title='bbox 335 623 378 659; x_wconf 84' lang='lat' dir='ltr'>et</span> <span class='ocrx_word' id='word_1_49' title='bbox 405 612 678 658; x_wconf 85' lang='lat' dir='ltr'>incumbere.</span> <span class='ocrx_word' id='word_1_50' title='bbox 705 611 953 659; x_wconf 81' lang='lat' dir='ltr'>Maximum</span> <span class='ocrx_word' id='word_1_51' title='bbox 986 612 1105 659; x_wconf 82' lang='lat' dir='ltr'>enim</span> <span class='ocrx_word' id='word_1_52' title='bbox 1137 613 1299 659; x_wconf 84' lang='lat' dir='ltr'>malum</span> <span class='ocrx_word' id='word_1_53' title='bbox 1333 615 1431 662; x_wconf 84' lang='lat' dir='ltr'>illos</span> 
     </span>
     <span class='ocr_line' id='line_1_8' title="bbox 137 683 1431 747; baseline 0.002 -17"><span class='ocrx_word' id='word_1_54' title='bbox 137 683 256 746; x_wconf 87' lang='lat' dir='ltr'>cepit</span> <span class='ocrx_word' id='word_1_55' title='bbox 273 719 287 742; x_wconf 91' lang='lat'>,</span> <span class='ocrx_word' id='word_1_56' title='bbox 312 695 355 730; x_wconf 93' lang='lat' dir='ltr'>et</span> <span class='ocrx_word' id='word_1_57' title='bbox 386 684 536 730; x_wconf 88' lang='lat' dir='ltr'>omnia</span> <span class='ocrx_word' id='word_1_58' title='bbox 562 684 822 747; x_wconf 84' lang='lat' dir='ltr'>exsuperans</span> <span class='ocrx_word' id='word_1_59' title='bbox 851 684 972 732; x_wconf 87' lang='lat' dir='ltr'>vitia.</span> <span class='ocrx_word' id='word_1_60' title='bbox 999 684 1097 730; x_wconf 88' lang='lat' dir='ltr'>Alia</span> <span class='ocrx_word' id='word_1_61' title='bbox 1126 684 1333 747; x_wconf 83' lang='lat' dir='ltr'>paulatim</span> <span class='ocrx_word' id='word_1_62' title='bbox 1364 686 1431 734; x_wconf 92' lang='lat' dir='ltr'>in-</span> 
     </span>
     <span class='ocr_line' id='line_1_9' title="bbox 135 756 1430 824; baseline 0.002 -21"><span class='ocrx_word' id='word_1_63' title='bbox 135 768 251 803; x_wconf 84' lang='lat' dir='ltr'>trant</span> <span class='ocrx_word' id='word_1_64' title='bbox 269 774 280 804; x_wconf 89' lang='lat'>:</span> <span class='ocrx_word' id='word_1_65' title='bbox 303 756 530 820; x_wconf 88' lang='lat' dir='ltr'>repentina</span> <span class='ocrx_word' id='word_1_66' title='bbox 550 769 592 804; x_wconf 91' lang='lat' dir='ltr'>et</span> <span class='ocrx_word' id='word_1_67' title='bbox 610 757 810 806; x_wconf 86' lang='lat' dir='ltr'>universa</span> <span class='ocrx_word' id='word_1_68' title='bbox 829 758 898 806; x_wconf 87' lang='lat' dir='ltr'>vis</span> <span class='ocrx_word' id='word_1_69' title='bbox 915 757 1046 806; x_wconf 89' lang='lat' dir='ltr'>huius</span> <span class='ocrx_word' id='word_1_70' title='bbox 1063 757 1151 824; x_wconf 59' lang='lat' dir='ltr'>estq</span> <span class='ocrx_word' id='word_1_71' title='bbox 1170 775 1329 806; x_wconf 87' lang='lat' dir='ltr'>omnes</span> <span class='ocrx_word' id='word_1_72' title='bbox 1348 759 1430 806; x_wconf 90' lang='lat' dir='ltr'>de-</span> 
     </span>
     <span class='ocr_line' id='line_1_10' title="bbox 67 830 1429 895; baseline 0.001 -17"><span class='ocrx_word' id='word_1_73' title='bbox 67 882 72 886; x_wconf 59' lang='lat'><em>,</em></span> <span class='ocrx_word' id='word_1_74' title='bbox 133 830 271 895; x_wconf 84' lang='lat' dir='ltr'>nique</span> <span class='ocrx_word' id='word_1_75' title='bbox 290 831 399 879; x_wconf 81' lang='lat' dir='ltr'>alios</span> <span class='ocrx_word' id='word_1_76' title='bbox 419 832 599 880; x_wconf 62' lang='lat' dir='ltr'>affeRus</span> <span class='ocrx_word' id='word_1_77' title='bbox 623 833 699 880; x_wconf 89' lang='lat' dir='ltr'>fibi</span> <span class='ocrx_word' id='word_1_78' title='bbox 725 832 928 880; x_wconf 85' lang='lat' dir='ltr'>subiicit:</span> <span class='ocrx_word' id='word_1_79' title='bbox 962 850 1162 880; x_wconf 87' lang='lat' dir='ltr'>amorem</span> <span class='ocrx_word' id='word_1_80' title='bbox 1183 834 1429 880; x_wconf 85' lang='lat' dir='ltr'>ardentiffi-</span> 
     </span>
     <span class='ocr_line' id='line_1_11' title="bbox 137 908 1431 973; baseline 0.003 -20"><span class='ocrx_word' id='word_1_81' title='bbox 137 922 259 953; x_wconf 86' lang='lat' dir='ltr'>mum</span> <span class='ocrx_word' id='word_1_82' title='bbox 293 908 451 955; x_wconf 87' lang='lat' dir='ltr'>vincit.</span> <span class='ocrx_word' id='word_1_83' title='bbox 475 909 832 957; x_wconf 85' lang='lat' dir='ltr'>Transfoderunt</span> <span class='ocrx_word' id='word_1_84' title='bbox 862 909 1012 973; x_wconf 83' lang='lat' dir='ltr'>itaque</span> <span class='ocrx_word' id='word_1_85' title='bbox 1038 921 1179 957; x_wconf 87' lang='lat' dir='ltr'>amata</span> <span class='ocrx_word' id='word_1_86' title='bbox 1207 925 1431 973; x_wconf 84' lang='lat' dir='ltr'>corpora,</span> 
     </span>
     <span class='ocr_line' id='line_1_12' title="bbox 138 982 1432 1048; baseline 0.005 -20"><span class='ocrx_word' id='word_1_87' title='bbox 138 994 184 1029; x_wconf 89' lang='lat' dir='ltr'>et</span> <span class='ocrx_word' id='word_1_88' title='bbox 212 982 257 1028; x_wconf 88' lang='lat' dir='ltr'>in</span> <span class='ocrx_word' id='word_1_89' title='bbox 288 998 444 1029; x_wconf 87' lang='lat' dir='ltr'>eorum</span> <span class='ocrx_word' id='word_1_90' title='bbox 465 1001 578 1047; x_wconf 87' lang='lat' dir='ltr'>quos</span> <span class='ocrx_word' id='word_1_91' title='bbox 598 984 877 1040; x_wconf 84' lang='lat' dir='ltr'>occiderant,</span> <span class='ocrx_word' id='word_1_92' title='bbox 907 984 1080 1034; x_wconf 86' lang='lat' dir='ltr'>iacuere</span> <span class='ocrx_word' id='word_1_93' title='bbox 1106 984 1432 1048; x_wconf 85' lang='lat' dir='ltr'>complexibus.</span> 
     </span>
     <span class='ocr_line' id='line_1_13' title="bbox 137 1055 1429 1121; baseline 0.002 -19"><span class='ocrx_word' id='word_1_94' title='bbox 137 1055 382 1104; x_wconf 82' lang='lat' dir='ltr'>Avaritiam</span> <span class='ocrx_word' id='word_1_95' title='bbox 417 1056 690 1104; x_wconf 65' lang='lat' dir='ltr'>durissimum</span> <span class='ocrx_word' id='word_1_96' title='bbox 723 1059 917 1115; x_wconf 87' lang='lat' dir='ltr'>malum,</span> <span class='ocrx_word' id='word_1_97' title='bbox 944 1057 1267 1121; x_wconf 87' lang='lat' dir='ltr'>minimumque</span> <span class='ocrx_word' id='word_1_98' title='bbox 1296 1057 1429 1105; x_wconf 83' lang='lat' dir='ltr'>flexi-</span> 
     </span>
     <span class='ocr_line' id='line_1_14' title="bbox 135 1130 1431 1197; baseline -0.001 -17"><span class='ocrx_word' id='word_1_99' title='bbox 135 1130 222 1180; x_wconf 87' lang='lat' dir='ltr'>bile</span> <span class='ocrx_word' id='word_1_100' title='bbox 247 1130 310 1178; x_wconf 88' lang='lat' dir='ltr'>ira</span> <span class='ocrx_word' id='word_1_101' title='bbox 336 1131 550 1188; x_wconf 82' lang='lat' dir='ltr'>calcavit;</span> <span class='ocrx_word' id='word_1_102' title='bbox 576 1133 722 1180; x_wconf 60' lang='lat' dir='ltr'>adaela</span> <span class='ocrx_word' id='word_1_103' title='bbox 758 1149 866 1197; x_wconf 90' lang='lat' dir='ltr'>opes</span> <span class='ocrx_word' id='word_1_104' title='bbox 893 1131 987 1178; x_wconf 86' lang='lat' dir='ltr'>suas</span> <span class='ocrx_word' id='word_1_105' title='bbox 1018 1130 1245 1196; x_wconf 81' lang='lat' dir='ltr'>spargere,</span> <span class='ocrx_word' id='word_1_106' title='bbox 1276 1143 1319 1179; x_wconf 90' lang='lat' dir='ltr'>et</span> <span class='ocrx_word' id='word_1_107' title='bbox 1344 1133 1431 1179; x_wconf 84' lang='lat' dir='ltr'>do-</span> 
     </span>
     <span class='ocr_line' id='line_1_15' title="bbox 131 1202 1432 1269; baseline 0.002 -19"><span class='ocrx_word' id='word_1_108' title='bbox 131 1203 264 1261; x_wconf 89' lang='lat' dir='ltr'>·mui,</span> <span class='ocrx_word' id='word_1_109' title='bbox 304 1202 523 1269; x_wconf 80' lang='lat' dir='ltr'>rebusque</span> <span class='ocrx_word' id='word_1_110' title='bbox 572 1205 619 1251; x_wconf 89' lang='lat' dir='ltr'>in</span> <span class='ocrx_word' id='word_1_111' title='bbox 665 1222 805 1252; x_wconf 88' lang='lat' dir='ltr'>unum</span> <span class='ocrx_word' id='word_1_112' title='bbox 843 1203 1010 1253; x_wconf 89' lang='lat' dir='ltr'>collatis</span> <span class='ocrx_word' id='word_1_113' title='bbox 1047 1204 1225 1251; x_wconf 88' lang='lat' dir='ltr'>iniicere</span> <span class='ocrx_word' id='word_1_114' title='bbox 1264 1205 1432 1268; x_wconf 80' lang='lat' dir='ltr'>ignem.‘</span> 
     </span>
     <span class='ocr_line' id='line_1_16' title="bbox 138 1275 1429 1342; baseline 0.002 -20"><span class='ocrx_word' id='word_1_115' title='bbox 138 1275 295 1336; x_wconf 83' lang='lat' dir='ltr'>Quid?</span> <span class='ocrx_word' id='word_1_116' title='bbox 323 1294 413 1324; x_wconf 90' lang='lat' dir='ltr'>non</span> <span class='ocrx_word' id='word_1_117' title='bbox 433 1277 687 1326; x_wconf 83' lang='lat' dir='ltr'>ambitiosus</span> <span class='ocrx_word' id='word_1_118' title='bbox 706 1294 871 1342; x_wconf 85' lang='lat' dir='ltr'>magno</span> <span class='ocrx_word' id='word_1_119' title='bbox 891 1276 1110 1324; x_wconf 85' lang='lat' dir='ltr'>aestimata</span> <span class='ocrx_word' id='word_1_120' title='bbox 1142 1277 1330 1340; x_wconf 83' lang='lat' dir='ltr'>proiecit</span> <span class='ocrx_word' id='word_1_121' title='bbox 1358 1279 1429 1325; x_wconf 88' lang='lat' dir='ltr'>in-</span> 
     </span>
     <span class='ocr_line' id='line_1_17' title="bbox 136 1347 1428 1416; baseline 0.005 -22"><span class='ocrx_word' id='word_1_122' title='bbox 136 1347 273 1412; x_wconf 85' lang='lat' dir='ltr'>fignia</span> <span class='ocrx_word' id='word_1_123' title='bbox 288 1386 302 1410; x_wconf 93' lang='lat'>‚</span> <span class='ocrx_word' id='word_1_124' title='bbox 329 1351 635 1416; x_wconf 87' lang='lat' dir='ltr'>honoremque</span> <span class='ocrx_word' id='word_1_125' title='bbox 653 1353 846 1399; x_wconf 87' lang='lat' dir='ltr'>delatum</span> <span class='ocrx_word' id='word_1_126' title='bbox 868 1350 1062 1415; x_wconf 85' lang='lat' dir='ltr'>repulit?</span> <span class='ocrx_word' id='word_1_127' title='bbox 1087 1351 1228 1402; x_wconf 86' lang='lat' dir='ltr'>nullus</span> <span class='ocrx_word' id='word_1_128' title='bbox 1249 1350 1428 1401; x_wconf 67' lang='lat' dir='ltr'>affeaus</span> 
     </span>
     <span class='ocr_line' id='line_1_18' title="bbox 137 1421 930 1489; baseline 0.009 -21"><span class='ocrx_word' id='word_1_129' title='bbox 137 1421 199 1468; x_wconf 86' lang='lat' dir='ltr'>est</span> <span class='ocrx_word' id='word_1_130' title='bbox 210 1458 227 1483; x_wconf 87' lang='lat'><strong>,</strong></span> <span class='ocrx_word' id='word_1_131' title='bbox 252 1422 298 1471; x_wconf 90' lang='lat' dir='ltr'>in</span> <span class='ocrx_word' id='word_1_132' title='bbox 317 1441 449 1489; x_wconf 85' lang='lat' dir='ltr'>quem</span> <span class='ocrx_word' id='word_1_133' title='bbox 468 1442 561 1473; x_wconf 91' lang='lat' dir='ltr'>non</span> <span class='ocrx_word' id='word_1_134' title='bbox 581 1426 644 1473; x_wconf 87' lang='lat' dir='ltr'>ira</span> <span class='ocrx_word' id='word_1_135' title='bbox 665 1426 930 1476; x_wconf 84' lang='lat' dir='ltr'>dominetur.</span> 
     </span>
    </p>
   </div>
   <div class='ocr_carea' id='block_1_5' title="bbox 461 1848 1110 1862">
    <p class='ocr_par' dir='ltr' id='par_1_5' title="bbox 461 1848 1110 1862">
     <span class='ocr_line' id='line_1_19' title="bbox 461 1848 1110 1862; baseline 0.008 -5"><span class='ocrx_word' id='word_1_136' title='bbox 461 1849 621 1859; x_wconf 55' lang='lat' dir='ltr'>m</span> <span class='ocrx_word' id='word_1_137' title='bbox 624 1848 1110 1862; x_wconf 51' lang='lat' dir='ltr'>——n———n-——u—-n-—a</span> 
     </span>
    </p>
   </div>
  </div>
 </body>
</html>
