<?xml version="1.0" encoding="UTF-8"?>
<!DOCTYPE html PUBLIC "-//W3C//DTD XHTML 1.0 Transitional//EN"
    "http://www.w3.org/TR/xhtml1/DTD/xhtml1-transitional.dtd">
<html xmlns="http://www.w3.org/1999/xhtml" xml:lang="en" lang="en">
 <head>
  <title>
</title>
<meta http-equiv="Content-Type" content="text/html;charset=utf-8" />
  <meta name='ocr-system' content='tesseract 3.04.00' />
  <meta name='ocr-capabilities' content='ocr_page ocr_carea ocr_par ocr_line ocrx_word'/>
</head>
<body>
  <div class='ocr_page' id='page_1' title='image "./lannaeisenecaeph01seneuoft_0242.png"; bbox 0 0 1741 2919; ppageno 0'>
   <div class='ocr_carea' id='block_1_1' title="bbox 310 142 1362 203">
    <p class='ocr_par' dir='ltr' id='par_1_1' title="bbox 310 142 1362 203">
     <span class='ocr_line' id='line_1_1' title="bbox 310 142 1362 203; baseline 0.006 -16"><span class='ocrx_word' id='word_1_1' title='bbox 310 142 397 203; x_wconf 65' lang='lat'><strong>196</strong></span> <span class='ocrx_word' id='word_1_2' title='bbox 563 142 949 189; x_wconf 69' lang='lat' dir='ltr'>LANNAEI</span> <span class='ocrx_word' id='word_1_3' title='bbox 1000 144 1362 193; x_wconf 72' lang='lat' dir='ltr'><strong>SENECAE</strong></span> 
     </span>
    </p>
   </div>
   <div class='ocr_carea' id='block_1_2' title="bbox 299 250 1590 2515">
    <p class='ocr_par' dir='ltr' id='par_1_2' title="bbox 299 250 1587 1263">
     <span class='ocr_line' id='line_1_2' title="bbox 302 250 1584 320; baseline 0.005 -22"><span class='ocrx_word' id='word_1_4' title='bbox 302 251 357 317; x_wconf 85' lang='lat' dir='ltr'><strong>de</strong></span> <span class='ocrx_word' id='word_1_5' title='bbox 376 250 457 297; x_wconf 78' lang='lat' dir='ltr'><strong>diis</strong></span> <span class='ocrx_word' id='word_1_6' title='bbox 483 251 702 298; x_wconf 87' lang='lat' dir='ltr'><strong>neminem</strong></span> <span class='ocrx_word' id='word_1_7' title='bbox 726 251 869 314; x_wconf 79' lang='lat' dir='ltr'><strong>queri.</strong></span> <span class='ocrx_word' id='word_1_8' title='bbox 886 252 987 300; x_wconf 91' lang='lat' dir='ltr'><strong>Tib.</strong></span> <span class='ocrx_word' id='word_1_9' title='bbox 1007 253 1167 300; x_wconf 84' lang='lat' dir='ltr'><strong>Caesar</strong></span> <span class='ocrx_word' id='word_1_10' title='bbox 1193 268 1237 302; x_wconf 90' lang='lat' dir='ltr'><strong>et</strong></span> <span class='ocrx_word' id='word_1_11' title='bbox 1264 272 1395 318; x_wconf 86' lang='lat' dir='ltr'><strong>quem</strong></span> <span class='ocrx_word' id='word_1_12' title='bbox 1416 265 1584 320; x_wconf 61' lang='lat' dir='ltr'><strong>genuei</strong></span> 
     </span>
     <span class='ocr_line' id='line_1_3' title="bbox 300 323 1584 391; baseline 0.005 -23"><span class='ocrx_word' id='word_1_13' title='bbox 300 325 393 379; x_wconf 71' lang='lat' dir='ltr'><strong>rat,</strong></span> <span class='ocrx_word' id='word_1_14' title='bbox 423 334 466 369; x_wconf 85' lang='lat' dir='ltr'><strong>et</strong></span> <span class='ocrx_word' id='word_1_15' title='bbox 497 339 629 386; x_wconf 85' lang='lat' dir='ltr'><strong>quem</strong></span> <span class='ocrx_word' id='word_1_16' title='bbox 659 323 973 387; x_wconf 57' lang='lat' dir='ltr'><strong>adoptaverat,</strong></span> <span class='ocrx_word' id='word_1_17' title='bbox 1003 325 1141 372; x_wconf 87' lang='lat' dir='ltr'><strong>amifit</strong></span> <span class='ocrx_word' id='word_1_18' title='bbox 1170 341 1180 372; x_wconf 70' lang='grc' dir='ltr'><em>τ</em></span> <span class='ocrx_word' id='word_1_19' title='bbox 1211 325 1301 389; x_wconf 83' lang='lat' dir='ltr'><strong>ipse</strong></span> <span class='ocrx_word' id='word_1_20' title='bbox 1330 342 1474 374; x_wconf 87' lang='lat' dir='ltr'><strong>tamen</strong></span> <span class='ocrx_word' id='word_1_21' title='bbox 1500 345 1584 391; x_wconf 82' lang='lat' dir='ltr'><strong>pro</strong></span> 
     </span>
     <span class='ocr_line' id='line_1_4' title="bbox 300 393 1586 461; baseline 0.005 -22"><span class='ocrx_word' id='word_1_22' title='bbox 300 394 427 440; x_wconf 72' lang='lat' dir='ltr'><strong>rostri</strong></span> <span class='ocrx_word' id='word_1_23' title='bbox 431 410 449 440; x_wconf 80' lang='lat' dir='ltr'><strong>s</strong></span> <span class='ocrx_word' id='word_1_24' title='bbox 469 393 663 440; x_wconf 84' lang='lat' dir='ltr'><strong>laudavit</strong></span> <span class='ocrx_word' id='word_1_25' title='bbox 689 393 860 455; x_wconf 80' lang='lat' dir='ltr'><strong>filium,</strong></span> <span class='ocrx_word' id='word_1_26' title='bbox 894 396 1125 460; x_wconf 79' lang='lat' dir='ltr'><strong>stetitque</strong></span> <span class='ocrx_word' id='word_1_27' title='bbox 1114 414 1159 442; x_wconf 84' lang='lat' dir='ltr'><strong>m</strong></span> <span class='ocrx_word' id='word_1_28' title='bbox 1183 397 1422 460; x_wconf 59' lang='lat' dir='ltr'><strong>conspeCffl</strong></span> <span class='ocrx_word' id='word_1_29' title='bbox 1441 398 1533 461; x_wconf 80' lang='lat' dir='ltr'><strong>pos</strong></span> <span class='ocrx_word' id='word_1_30' title='bbox 1538 413 1586 446; x_wconf 87' lang='lat' dir='ltr'><strong>to</strong></span> 
     </span>
     <span class='ocr_line' id='line_1_5' title="bbox 300 467 1584 546; baseline 0.004 -32"><span class='ocrx_word' id='word_1_31' title='bbox 300 483 374 514; x_wconf 77' lang='lat' dir='ltr'><strong>co</strong></span> <span class='ocrx_word' id='word_1_32' title='bbox 364 483 524 530; x_wconf 33' lang='lat' dir='ltr'><strong>Upore</strong></span> <span class='ocrx_word' id='word_1_33' title='bbox 544 467 775 515; x_wconf 66' lang='lat' dir='ltr'><strong>interieSm</strong></span> <span class='ocrx_word' id='word_1_34' title='bbox 808 471 1118 517; x_wconf 80' lang='lat' dir='ltr'><strong>tantummodo</strong></span> <span class='ocrx_word' id='word_1_35' title='bbox 1138 470 1426 546; x_wconf 86' lang='lat' dir='ltr'><strong>velamento,</strong></span> <span class='ocrx_word' id='word_1_36' title='bbox 1461 473 1584 536; x_wconf 87' lang='lat' dir='ltr'><strong>quod</strong></span> 
     </span>
     <span class='ocr_line' id='line_1_6' title="bbox 300 539 1584 611; baseline 0.005 -26"><span class='ocrx_word' id='word_1_37' title='bbox 300 539 526 603; x_wconf 77' lang='lat' dir='ltr'><strong>pontificis</strong></span> <span class='ocrx_word' id='word_1_38' title='bbox 557 542 712 589; x_wconf 78' lang='lat' dir='ltr'><strong>oculos</strong></span> <span class='ocrx_word' id='word_1_39' title='bbox 741 559 764 588; x_wconf 97' lang='lat' dir='ltr'><strong>a</strong></span> <span class='ocrx_word' id='word_1_40' title='bbox 789 542 942 591; x_wconf 79' lang='lat' dir='ltr'><strong>funere</strong></span> <span class='ocrx_word' id='word_1_41' title='bbox 971 556 1160 603; x_wconf 79' lang='lat' dir='ltr'><strong>arceret,</strong></span> <span class='ocrx_word' id='word_1_42' title='bbox 1185 557 1227 591; x_wconf 83' lang='lat' dir='ltr'><strong>et</strong></span> <span class='ocrx_word' id='word_1_43' title='bbox 1258 545 1388 592; x_wconf 84' lang='lat' dir='ltr'><strong>flente</strong></span> <span class='ocrx_word' id='word_1_44' title='bbox 1417 546 1584 611; x_wconf 81' lang='lat' dir='ltr'><strong>populo</strong></span> 
     </span>
     <span class='ocr_line' id='line_1_7' title="bbox 302 614 1586 680; baseline 0.005 -23"><span class='ocrx_word' id='word_1_45' title='bbox 302 614 511 659; x_wconf 83' lang='lat' dir='ltr'><strong>Romano</strong></span> <span class='ocrx_word' id='word_1_46' title='bbox 537 630 628 660; x_wconf 89' lang='lat' dir='ltr'><strong>non</strong></span> <span class='ocrx_word' id='word_1_47' title='bbox 663 614 786 662; x_wconf 73' lang='lat' dir='ltr'><strong>flexit</strong></span> <span class='ocrx_word' id='word_1_48' title='bbox 810 616 1017 663; x_wconf 82' lang='lat' dir='ltr'><strong>vultum:</strong></span> <span class='ocrx_word' id='word_1_49' title='bbox 1044 618 1354 680; x_wconf 80' lang='lat' dir='ltr'><strong>experiendum</strong></span> <span class='ocrx_word' id='word_1_50' title='bbox 1387 617 1429 664; x_wconf 92' lang='lat' dir='ltr'><strong>se</strong></span> <span class='ocrx_word' id='word_1_51' title='bbox 1466 618 1586 665; x_wconf 85' lang='lat' dir='ltr'><strong>dedit</strong></span> 
     </span>
     <span class='ocr_line' id='line_1_8' title="bbox 300 686 1584 753; baseline 0.005 -22"><span class='ocrx_word' id='word_1_52' title='bbox 300 686 461 732; x_wconf 82' lang='lat' dir='ltr'><strong>Seiano</strong></span> <span class='ocrx_word' id='word_1_53' title='bbox 485 687 541 732; x_wconf 88' lang='lat' dir='ltr'><strong>ad</strong></span> <span class='ocrx_word' id='word_1_54' title='bbox 571 688 680 734; x_wconf 79' lang='lat' dir='ltr'><strong>latus</strong></span> <span class='ocrx_word' id='word_1_55' title='bbox 711 687 835 735; x_wconf 80' lang='lat' dir='ltr'><strong>stanti</strong></span> <span class='ocrx_word' id='word_1_56' title='bbox 855 725 870 748; x_wconf 87' lang='lat'>‚</span> <span class='ocrx_word' id='word_1_57' title='bbox 900 706 1031 752; x_wconf 80' lang='lat' dir='ltr'><strong>quam</strong></span> <span class='ocrx_word' id='word_1_58' title='bbox 1065 690 1277 752; x_wconf 72' lang='lat' dir='ltr'>patienter</span> <span class='ocrx_word' id='word_1_59' title='bbox 1309 689 1453 753; x_wconf 81' lang='lat' dir='ltr'><strong>poffet</strong></span> <span class='ocrx_word' id='word_1_60' title='bbox 1485 690 1584 737; x_wconf 85' lang='lat' dir='ltr'><strong>suos</strong></span> 
     </span>
     <span class='ocr_line' id='line_1_9' title="bbox 299 762 1583 827; baseline 0.002 -19"><span class='ocrx_word' id='word_1_61' title='bbox 299 762 497 826; x_wconf 76' lang='lat' dir='ltr'><strong>perdere.</strong></span> <span class='ocrx_word' id='word_1_62' title='bbox 518 762 711 810; x_wconf 83' lang='lat' dir='ltr'><strong>Videsne</strong></span> <span class='ocrx_word' id='word_1_63' title='bbox 733 775 893 827; x_wconf 76' lang='lat' dir='ltr'><strong>quanta</strong></span> <span class='ocrx_word' id='word_1_64' title='bbox 911 763 1039 827; x_wconf 82' lang='lat' dir='ltr'><strong>copia</strong></span> <span class='ocrx_word' id='word_1_65' title='bbox 1067 764 1270 812; x_wconf 85' lang='lat' dir='ltr'><strong>virorum</strong></span> <span class='ocrx_word' id='word_1_66' title='bbox 1289 765 1583 811; x_wconf 77' lang='lat' dir='ltr'><strong>maximorum</strong></span> 
     </span>
     <span class='ocr_line' id='line_1_10' title="bbox 300 834 1585 897; baseline 0.002 -17"><span class='ocrx_word' id='word_1_67' title='bbox 300 834 353 880; x_wconf 82' lang='lat' dir='ltr'><strong>fit</strong></span> <span class='ocrx_word' id='word_1_68' title='bbox 368 869 382 891; x_wconf 87' lang='lat'>‚</span> <span class='ocrx_word' id='word_1_69' title='bbox 404 850 518 897; x_wconf 86' lang='lat' dir='ltr'><strong>quos</strong></span> <span class='ocrx_word' id='word_1_70' title='bbox 548 849 640 879; x_wconf 91' lang='lat' dir='ltr'><strong>non</strong></span> <span class='ocrx_word' id='word_1_71' title='bbox 673 835 848 896; x_wconf 81' lang='lat' dir='ltr'><strong>excepit</strong></span> <span class='ocrx_word' id='word_1_72' title='bbox 874 835 945 882; x_wconf 83' lang='lat' dir='ltr'><strong>hic</strong></span> <span class='ocrx_word' id='word_1_73' title='bbox 968 835 1118 882; x_wconf 79' lang='lat' dir='ltr'><strong>omnia</strong></span> <span class='ocrx_word' id='word_1_74' title='bbox 1138 834 1412 897; x_wconf 83' lang='lat' dir='ltr'><strong>prosternens</strong></span> <span class='ocrx_word' id='word_1_75' title='bbox 1442 837 1585 894; x_wconf 85' lang='lat' dir='ltr'><strong>casus,</strong></span> 
     </span>
     <span class='ocr_line' id='line_1_11' title="bbox 300 905 1585 971; baseline 0.002 -18"><span class='ocrx_word' id='word_1_76' title='bbox 300 905 347 953; x_wconf 84' lang='lat' dir='ltr'><strong>in</strong></span> <span class='ocrx_word' id='word_1_77' title='bbox 370 922 483 969; x_wconf 87' lang='lat' dir='ltr'><strong>quos</strong></span> <span class='ocrx_word' id='word_1_78' title='bbox 510 917 578 953; x_wconf 89' lang='lat' dir='ltr'><strong>tot</strong></span> <span class='ocrx_word' id='word_1_79' title='bbox 604 906 739 953; x_wconf 85' lang='lat' dir='ltr'><strong>animi</strong></span> <span class='ocrx_word' id='word_1_80' title='bbox 757 906 904 966; x_wconf 82' lang='lat' dir='ltr'><strong>bona,</strong></span> <span class='ocrx_word' id='word_1_81' title='bbox 933 921 1002 954; x_wconf 89' lang='lat' dir='ltr'><strong>tot</strong></span> <span class='ocrx_word' id='word_1_82' title='bbox 1025 924 1279 954; x_wconf 76' lang='lat' dir='ltr'><strong>ornamenta</strong></span> <span class='ocrx_word' id='word_1_83' title='bbox 1305 907 1479 970; x_wconf 82' lang='lat' dir='ltr'><strong>publice</strong></span> <span class='ocrx_word' id='word_1_84' title='bbox 1496 909 1585 971; x_wconf 86' lang='lat' dir='ltr'><strong>pri-</strong></span> 
     </span>
     <span class='ocr_line' id='line_1_12' title="bbox 300 978 1587 1043; baseline 0.001 -17"><span class='ocrx_word' id='word_1_85' title='bbox 300 978 532 1042; x_wconf 70' lang='lat' dir='ltr'><strong>vatimque</strong></span> <span class='ocrx_word' id='word_1_86' title='bbox 553 979 757 1043; x_wconf 85' lang='lat' dir='ltr'><strong>congesta</strong></span> <span class='ocrx_word' id='word_1_87' title='bbox 781 992 903 1025; x_wconf 85' lang='lat' dir='ltr'><strong>erant</strong></span> <span class='ocrx_word' id='word_1_88' title='bbox 923 980 941 1026; x_wconf 87' lang='lat'>?</span> <span class='ocrx_word' id='word_1_89' title='bbox 971 980 1055 1025; x_wconf 78' lang='lat' dir='ltr'><strong>Sed</strong></span> <span class='ocrx_word' id='word_1_90' title='bbox 1074 978 1281 1026; x_wconf 83' lang='lat' dir='ltr'><strong>videlicet</strong></span> <span class='ocrx_word' id='word_1_91' title='bbox 1302 979 1335 1026; x_wconf 93' lang='lat' dir='ltr'><strong>it</strong></span> <span class='ocrx_word' id='word_1_92' title='bbox 1361 979 1405 1026; x_wconf 92' lang='lat' dir='ltr'><strong>in</strong></span> <span class='ocrx_word' id='word_1_93' title='bbox 1429 981 1587 1027; x_wconf 84' lang='lat' dir='ltr'><strong>orbem</strong></span> 
     </span>
     <span class='ocr_line' id='line_1_13' title="bbox 300 1051 1587 1116; baseline 0.001 -17"><span class='ocrx_word' id='word_1_94' title='bbox 300 1051 379 1099; x_wconf 81' lang='lat' dir='ltr'><strong>ista</strong></span> <span class='ocrx_word' id='word_1_95' title='bbox 400 1051 656 1115; x_wconf 74' lang='lat' dir='ltr'><strong>tempestas3</strong></span> <span class='ocrx_word' id='word_1_96' title='bbox 687 1066 729 1099; x_wconf 86' lang='lat' dir='ltr'><strong>ct</strong></span> <span class='ocrx_word' id='word_1_97' title='bbox 749 1051 838 1101; x_wconf 88' lang='lat' dir='ltr'><strong>fine</strong></span> <span class='ocrx_word' id='word_1_98' title='bbox 865 1051 1022 1098; x_wconf 64' lang='lat' dir='ltr'><strong>dileciu</strong></span> <span class='ocrx_word' id='word_1_99' title='bbox 1042 1051 1180 1098; x_wconf 66' lang='lat' dir='ltr'><strong>vastat</strong></span> <span class='ocrx_word' id='word_1_100' title='bbox 1204 1052 1383 1108; x_wconf 86' lang='lat' dir='ltr'><strong>omnia,</strong></span> <span class='ocrx_word' id='word_1_101' title='bbox 1412 1053 1587 1116; x_wconf 76' lang='lat' dir='ltr'><strong>agitque</strong></span> 
     </span>
     <span class='ocr_line' id='line_1_14' title="bbox 301 1124 1587 1188; baseline -0.002 -14"><span class='ocrx_word' id='word_1_102' title='bbox 301 1138 350 1174; x_wconf 87' lang='lat' dir='ltr'><strong>ut</strong></span> <span class='ocrx_word' id='word_1_103' title='bbox 365 1125 453 1173; x_wconf 86' lang='lat' dir='ltr'><strong>sua.</strong></span> <span class='ocrx_word' id='word_1_104' title='bbox 484 1125 586 1171; x_wconf 82' lang='lat' dir='ltr'><strong>lube</strong></span> <span class='ocrx_word' id='word_1_105' title='bbox 608 1124 801 1188; x_wconf 68' lang='lat' dir='ltr'><strong>singulos</strong></span> <span class='ocrx_word' id='word_1_106' title='bbox 825 1124 1028 1172; x_wconf 82' lang='lat' dir='ltr'><strong>conferre</strong></span> <span class='ocrx_word' id='word_1_107' title='bbox 1046 1125 1263 1172; x_wconf 83' lang='lat' dir='ltr'><strong>rationem</strong></span> <span class='ocrx_word' id='word_1_108' title='bbox 1285 1143 1296 1171; x_wconf 87' lang='lat'>:</span> <span class='ocrx_word' id='word_1_109' title='bbox 1317 1126 1422 1174; x_wconf 85' lang='lat' dir='ltr'><strong>nulli</strong></span> <span class='ocrx_word' id='word_1_110' title='bbox 1441 1125 1587 1174; x_wconf 85' lang='lat' dir='ltr'><strong>conti-</strong></span> 
     </span>
     <span class='ocr_line' id='line_1_15' title="bbox 301 1197 715 1263; baseline -0.002 -19"><span class='ocrx_word' id='word_1_111' title='bbox 301 1199 362 1263; x_wconf 84' lang='lat' dir='ltr'><strong>git</strong></span> <span class='ocrx_word' id='word_1_112' title='bbox 382 1198 562 1261; x_wconf 86' lang='lat' dir='ltr'><strong>impune</strong></span> <span class='ocrx_word' id='word_1_113' title='bbox 585 1197 715 1245; x_wconf 84' lang='lat' dir='ltr'><strong>nasci..</strong></span> 
     </span>
    </p>

    <p class='ocr_par' dir='ltr' id='par_1_3' title="bbox 300 1269 1590 2515">
     <span class='ocr_line' id='line_1_16' title="bbox 367 1269 1588 1336; baseline 0.002 -19"><span class='ocrx_word' id='word_1_114' title='bbox 367 1272 493 1318; x_wconf 85' lang='lat' dir='ltr'><strong>XVI.</strong></span> <span class='ocrx_word' id='word_1_115' title='bbox 511 1271 613 1318; x_wconf 84' lang='lat' dir='ltr'><strong>Scio</strong></span> <span class='ocrx_word' id='word_1_116' title='bbox 630 1271 738 1336; x_wconf 85' lang='lat' dir='ltr'><strong>quid</strong></span> <span class='ocrx_word' id='word_1_117' title='bbox 764 1271 882 1318; x_wconf 87' lang='lat' dir='ltr'><strong>dicas</strong></span> <span class='ocrx_word' id='word_1_118' title='bbox 899 1287 911 1317; x_wconf 74' lang='lat' dir='ltr'>t</span> <span class='ocrx_word' id='word_1_119' title='bbox 931 1269 1112 1317; x_wconf 72' lang='lat' dir='ltr'><strong>Oblitus</strong></span> <span class='ocrx_word' id='word_1_120' title='bbox 1131 1288 1177 1318; x_wconf 80' lang='lat' dir='ltr'><strong>es</strong></span> <span class='ocrx_word' id='word_1_121' title='bbox 1192 1270 1401 1319; x_wconf 87' lang='lat' dir='ltr'><strong>feminam</strong></span> <span class='ocrx_word' id='word_1_122' title='bbox 1420 1284 1463 1320; x_wconf 83' lang='lat' dir='ltr'><strong>te</strong></span> <span class='ocrx_word' id='word_1_123' title='bbox 1481 1289 1588 1320; x_wconf 86' lang='lat' dir='ltr'><strong>con·</strong></span> 
     </span>
     <span class='ocr_line' id='line_1_17' title="bbox 300 1343 1590 1408; baseline 0.002 -16"><span class='ocrx_word' id='word_1_124' title='bbox 300 1343 427 1408; x_wconf 78' lang='lat' dir='ltr'><strong>solari</strong></span> <span class='ocrx_word' id='word_1_125' title='bbox 448 1344 682 1391; x_wconf 85' lang='lat' dir='ltr'><strong>:virorum</strong></span> <span class='ocrx_word' id='word_1_126' title='bbox 709 1345 844 1392; x_wconf 85' lang='lat' dir='ltr'><strong>refers</strong></span> <span class='ocrx_word' id='word_1_127' title='bbox 867 1344 1082 1408; x_wconf 79' lang='lat' dir='ltr'><strong>exempla.</strong></span> <span class='ocrx_word' id='word_1_128' title='bbox 1112 1346 1226 1405; x_wconf 85' lang='lat' dir='ltr'><strong>Quis</strong></span> <span class='ocrx_word' id='word_1_129' title='bbox 1257 1359 1401 1393; x_wconf 83' lang='lat' dir='ltr'><strong>autem</strong></span> <span class='ocrx_word' id='word_1_130' title='bbox 1431 1347 1590 1395; x_wconf 80' lang='lat' dir='ltr'><strong>dixerit</strong></span> 
     </span>
     <span class='ocr_line' id='line_1_18' title="bbox 302 1417 1589 1484; baseline 0.002 -20"><span class='ocrx_word' id='word_1_131' title='bbox 302 1430 499 1464; x_wconf 84' lang='lat' dir='ltr'><strong>naturam</strong></span> <span class='ocrx_word' id='word_1_132' title='bbox 540 1417 729 1481; x_wconf 75' lang='lat' dir='ltr'><strong>maligne</strong></span> <span class='ocrx_word' id='word_1_133' title='bbox 761 1435 862 1465; x_wconf 87' lang='lat' dir='ltr'><strong>cum</strong></span> <span class='ocrx_word' id='word_1_134' title='bbox 897 1418 1186 1465; x_wconf 77' lang='lat' dir='ltr'><strong>muliebribus</strong></span> <span class='ocrx_word' id='word_1_135' title='bbox 1218 1418 1403 1483; x_wconf 78' lang='lat' dir='ltr'><strong>ingeniis</strong></span> <span class='ocrx_word' id='word_1_136' title='bbox 1429 1420 1589 1484; x_wconf 67' lang='lat' dir='ltr'><strong>egisse,</strong></span> 
     </span>
     <span class='ocr_line' id='line_1_19' title="bbox 300 1491 1587 1547; baseline -0.002 -7"><span class='ocrx_word' id='word_1_137' title='bbox 300 1505 346 1540; x_wconf 88' lang='lat' dir='ltr'><strong>et</strong></span> <span class='ocrx_word' id='word_1_138' title='bbox 377 1491 561 1538; x_wconf 81' lang='lat' dir='ltr'><strong>virtutes</strong></span> <span class='ocrx_word' id='word_1_139' title='bbox 590 1491 763 1538; x_wconf 87' lang='lat' dir='ltr'><strong>illarum</strong></span> <span class='ocrx_word' id='word_1_140' title='bbox 797 1491 842 1537; x_wconf 88' lang='lat' dir='ltr'><strong>in</strong></span> <span class='ocrx_word' id='word_1_141' title='bbox 872 1492 1036 1538; x_wconf 57' lang='lat' dir='ltr'><strong>arcium</strong></span> <span class='ocrx_word' id='word_1_142' title='bbox 1069 1492 1329 1537; x_wconf 64' lang='lat' dir='ltr'><strong>retraxisse?</strong></span> <span class='ocrx_word' id='word_1_143' title='bbox 1364 1493 1446 1537; x_wconf 86' lang='lat' dir='ltr'><strong>Par</strong></span> <span class='ocrx_word' id='word_1_144' title='bbox 1473 1492 1587 1547; x_wconf 82' lang='lat' dir='ltr'><strong>illis,</strong></span> 
     </span>
     <span class='ocr_line' id='line_1_20' title="bbox 302 1561 1589 1628; baseline 0.001 -18"><span class='ocrx_word' id='word_1_145' title='bbox 302 1564 413 1611; x_wconf 88' lang='lat' dir='ltr'><strong>mihi</strong></span> <span class='ocrx_word' id='word_1_146' title='bbox 443 1563 599 1623; x_wconf 85' lang='lat' dir='ltr'><strong>crede,</strong></span> <span class='ocrx_word' id='word_1_147' title='bbox 626 1563 781 1627; x_wconf 81' lang='lat' dir='ltr'><strong>vigor,</strong></span> <span class='ocrx_word' id='word_1_148' title='bbox 807 1580 886 1627; x_wconf 86' lang='lat' dir='ltr'><strong>par</strong></span> <span class='ocrx_word' id='word_1_149' title='bbox 912 1564 967 1610; x_wconf 90' lang='lat' dir='ltr'><strong>ad</strong></span> <span class='ocrx_word' id='word_1_150' title='bbox 987 1561 1170 1610; x_wconf 82' lang='lat' dir='ltr'><strong>honesta</strong></span> <span class='ocrx_word' id='word_1_151' title='bbox 1198 1562 1387 1628; x_wconf 85' lang='lat' dir='ltr'><strong>(libeat)</strong></span> <span class='ocrx_word' id='word_1_152' title='bbox 1408 1564 1589 1611; x_wconf 79' lang='lat' dir='ltr'>facultas</span> 
     </span>
     <span class='ocr_line' id='line_1_21' title="bbox 301 1636 1588 1701; baseline -0.002 -16"><span class='ocrx_word' id='word_1_153' title='bbox 301 1637 389 1685; x_wconf 83' lang='lat' dir='ltr'><strong>est:</strong></span> <span class='ocrx_word' id='word_1_154' title='bbox 412 1637 607 1685; x_wconf 85' lang='lat' dir='ltr'><strong>laborem</strong></span> <span class='ocrx_word' id='word_1_155' title='bbox 638 1637 933 1701; x_wconf 89' lang='lat' dir='ltr'><strong>doloremque</strong></span> <span class='ocrx_word' id='word_1_156' title='bbox 958 1653 1014 1683; x_wconf 84' lang='lat' dir='ltr'><strong>ex</strong></span> <span class='ocrx_word' id='word_1_157' title='bbox 1041 1652 1184 1699; x_wconf 84' lang='lat' dir='ltr'><strong>aequo</strong></span> <span class='ocrx_word' id='word_1_158' title='bbox 1200 1673 1212 1694; x_wconf 90' lang='lat'>‚</span> <span class='ocrx_word' id='word_1_159' title='bbox 1235 1636 1266 1682; x_wconf 81' lang='lat' dir='ltr'><strong>fi</strong></span> <span class='ocrx_word' id='word_1_160' title='bbox 1294 1638 1588 1696; x_wconf 86' lang='lat' dir='ltr'><strong>consuevere,</strong></span> 
     </span>
     <span class='ocr_line' id='line_1_22' title="bbox 301 1711 1588 1778; baseline 0 -18"><span class='ocrx_word' id='word_1_161' title='bbox 301 1714 540 1778; x_wconf 83' lang='lat' dir='ltr'><strong>patiuntur.</strong></span> <span class='ocrx_word' id='word_1_162' title='bbox 563 1714 611 1759; x_wconf 89' lang='lat' dir='ltr'><strong>In</strong></span> <span class='ocrx_word' id='word_1_163' title='bbox 636 1729 724 1777; x_wconf 88' lang='lat' dir='ltr'><strong>qua</strong></span> <span class='ocrx_word' id='word_1_164' title='bbox 742 1711 855 1759; x_wconf 88' lang='lat' dir='ltr'><strong>istud</strong></span> <span class='ocrx_word' id='word_1_165' title='bbox 879 1711 988 1758; x_wconf 86' lang='lat' dir='ltr'><strong>urbe</strong></span> <span class='ocrx_word' id='word_1_166' title='bbox 1002 1747 1015 1769; x_wconf 91' lang='lat'>,</span> <span class='ocrx_word' id='word_1_167' title='bbox 1035 1711 1098 1758; x_wconf 89' lang='lat' dir='ltr'><strong>dii</strong></span> <span class='ocrx_word' id='word_1_168' title='bbox 1115 1711 1249 1770; x_wconf 90' lang='lat' dir='ltr'><strong>boni,</strong></span> <span class='ocrx_word' id='word_1_169' title='bbox 1269 1712 1518 1776; x_wconf 85' lang='lat' dir='ltr'><strong>loquimur?</strong></span> <span class='ocrx_word' id='word_1_170' title='bbox 1538 1715 1588 1759; x_wconf 88' lang='lat' dir='ltr'><strong>In</strong></span> 
     </span>
     <span class='ocr_line' id='line_1_23' title="bbox 300 1783 1588 1851; baseline -0.002 -17"><span class='ocrx_word' id='word_1_171' title='bbox 300 1803 389 1851; x_wconf 87' lang='lat' dir='ltr'><strong>qua</strong></span> <span class='ocrx_word' id='word_1_172' title='bbox 413 1803 560 1851; x_wconf 87' lang='lat' dir='ltr'><strong>regem</strong></span> <span class='ocrx_word' id='word_1_173' title='bbox 583 1785 798 1832; x_wconf 86' lang='lat' dir='ltr'><strong>Romanis</strong></span> <span class='ocrx_word' id='word_1_174' title='bbox 817 1784 1034 1848; x_wconf 82' lang='lat' dir='ltr'><strong>capitibus</strong></span> <span class='ocrx_word' id='word_1_175' title='bbox 1053 1783 1255 1831; x_wconf 70' lang='lat' dir='ltr'><strong>Lucretia</strong></span> <span class='ocrx_word' id='word_1_176' title='bbox 1275 1796 1318 1832; x_wconf 87' lang='lat' dir='ltr'><strong>et</strong></span> <span class='ocrx_word' id='word_1_177' title='bbox 1340 1786 1497 1831; x_wconf 84' lang='lat' dir='ltr'><strong>Brutus</strong></span> <span class='ocrx_word' id='word_1_178' title='bbox 1514 1786 1588 1831; x_wconf 91' lang='lat' dir='ltr'><strong>de—</strong></span> 
     </span>
     <span class='ocr_line' id='line_1_24' title="bbox 302 1857 1587 1912; baseline -0.003 -4"><span class='ocrx_word' id='word_1_179' title='bbox 302 1860 519 1909; x_wconf 86' lang='lat' dir='ltr'><strong>iecerunt.</strong></span> <span class='ocrx_word' id='word_1_180' title='bbox 536 1861 673 1907; x_wconf 87' lang='lat' dir='ltr'><strong>Bruto</strong></span> <span class='ocrx_word' id='word_1_181' title='bbox 698 1859 942 1906; x_wconf 86' lang='lat' dir='ltr'><strong>libertatem</strong></span> <span class='ocrx_word' id='word_1_182' title='bbox 968 1857 1206 1912; x_wconf 85' lang='lat' dir='ltr'><strong>debemus,</strong></span> <span class='ocrx_word' id='word_1_183' title='bbox 1231 1859 1455 1905; x_wconf 81' lang='lat' dir='ltr'><strong>Lucretiae</strong></span> <span class='ocrx_word' id='word_1_184' title='bbox 1475 1860 1587 1905; x_wconf 86' lang='lat' dir='ltr'><strong>Bru-</strong></span> 
     </span>
     <span class='ocr_line' id='line_1_25' title="bbox 301 1930 1586 1999; baseline -0.002 -17"><span class='ocrx_word' id='word_1_185' title='bbox 301 1946 412 1982; x_wconf 85' lang='lat' dir='ltr'><strong>tum.</strong></span> <span class='ocrx_word' id='word_1_186' title='bbox 440 1936 490 1981; x_wconf 89' lang='lat' dir='ltr'><strong>In</strong></span> <span class='ocrx_word' id='word_1_187' title='bbox 517 1951 603 1999; x_wconf 88' lang='lat' dir='ltr'><strong>qua</strong></span> <span class='ocrx_word' id='word_1_188' title='bbox 623 1932 842 1981; x_wconf 81' lang='lat' dir='ltr'><strong>Cloeliam</strong></span> <span class='ocrx_word' id='word_1_189' title='bbox 859 1968 872 1991; x_wconf 90' lang='lat'>‚</span> <span class='ocrx_word' id='word_1_190' title='bbox 897 1944 1128 1980; x_wconf 84' lang='lat' dir='ltr'><strong>contemto</strong></span> <span class='ocrx_word' id='word_1_191' title='bbox 1153 1931 1277 1978; x_wconf 84' lang='lat' dir='ltr'><strong>hoste</strong></span> <span class='ocrx_word' id='word_1_192' title='bbox 1300 1943 1344 1978; x_wconf 88' lang='lat' dir='ltr'><strong>et</strong></span> <span class='ocrx_word' id='word_1_193' title='bbox 1375 1930 1586 1991; x_wconf 87' lang='lat' dir='ltr'><strong>flumine,</strong></span> 
     </span>
     <span class='ocr_line' id='line_1_26' title="bbox 301 2004 1587 2071; baseline -0.003 -17"><span class='ocrx_word' id='word_1_194' title='bbox 301 2007 365 2054; x_wconf 92' lang='lat' dir='ltr'><strong>ob</strong></span> <span class='ocrx_word' id='word_1_195' title='bbox 394 2007 605 2071; x_wconf 85' lang='lat' dir='ltr'><strong>infignem</strong></span> <span class='ocrx_word' id='word_1_196' title='bbox 633 2005 857 2054; x_wconf 78' lang='lat' dir='ltr'><strong>audaciam</strong></span> <span class='ocrx_word' id='word_1_197' title='bbox 901 2017 1070 2052; x_wconf 83' lang='lat' dir='ltr'><strong>tantum</strong></span> <span class='ocrx_word' id='word_1_198' title='bbox 1104 2020 1196 2051; x_wconf 89' lang='lat' dir='ltr'><strong>non</strong></span> <span class='ocrx_word' id='word_1_199' title='bbox 1235 2004 1283 2051; x_wconf 89' lang='lat' dir='ltr'><strong>in</strong></span> <span class='ocrx_word' id='word_1_200' title='bbox 1315 2004 1437 2051; x_wconf 87' lang='lat' dir='ltr'><strong>viros</strong></span> <span class='ocrx_word' id='word_1_201' title='bbox 1466 2016 1587 2051; x_wconf 81' lang='lat' dir='ltr'><strong>tran-</strong></span> 
     </span>
     <span class='ocr_line' id='line_1_27' title="bbox 302 2080 1587 2149; baseline -0.005 -17"><span class='ocrx_word' id='word_1_202' title='bbox 302 2083 563 2147; x_wconf 86' lang='lat' dir='ltr'><strong>scripfimus.</strong></span> <span class='ocrx_word' id='word_1_203' title='bbox 597 2083 795 2149; x_wconf 87' lang='lat' dir='ltr'><strong>Equestri</strong></span> <span class='ocrx_word' id='word_1_204' title='bbox 821 2083 1008 2131; x_wconf 78' lang='lat' dir='ltr'><strong>insidens</strong></span> <span class='ocrx_word' id='word_1_205' title='bbox 1037 2081 1227 2140; x_wconf 77' lang='lat' dir='ltr'><strong>statuae,</strong></span> <span class='ocrx_word' id='word_1_206' title='bbox 1255 2080 1300 2128; x_wconf 91' lang='lat' dir='ltr'><strong>in</strong></span> <span class='ocrx_word' id='word_1_207' title='bbox 1332 2080 1449 2127; x_wconf 81' lang='lat' dir='ltr'><strong>sacra</strong></span> <span class='ocrx_word' id='word_1_208' title='bbox 1480 2081 1587 2140; x_wconf 88' lang='lat' dir='ltr'><strong>via,</strong></span> 
     </span>
     <span class='ocr_line' id='line_1_28' title="bbox 302 2153 1586 2217; baseline -0.005 -12"><span class='ocrx_word' id='word_1_209' title='bbox 302 2156 593 2205; x_wconf 79' lang='lat' dir='ltr'><strong>celeberrimo</strong></span> <span class='ocrx_word' id='word_1_210' title='bbox 621 2157 755 2215; x_wconf 87' lang='lat' dir='ltr'><strong>loco,</strong></span> <span class='ocrx_word' id='word_1_211' title='bbox 775 2157 944 2204; x_wconf 87' lang='lat' dir='ltr'><strong>Cloelia</strong></span> <span class='ocrx_word' id='word_1_212' title='bbox 971 2155 1211 2217; x_wconf 77' lang='lat' dir='ltr'><strong>exprobrat</strong></span> <span class='ocrx_word' id='word_1_213' title='bbox 1235 2153 1468 2200; x_wconf 71' lang='lat' dir='ltr'><strong>iuvenibus</strong></span> <span class='ocrx_word' id='word_1_214' title='bbox 1498 2170 1586 2200; x_wconf 87' lang='lat' dir='ltr'><strong>no-</strong></span> 
     </span>
     <span class='ocr_line' id='line_1_29' title="bbox 302 2226 1588 2295; baseline -0.002 -17"><span class='ocrx_word' id='word_1_215' title='bbox 302 2231 398 2278; x_wconf 78' lang='lat' dir='ltr'><strong>stris</strong></span> <span class='ocrx_word' id='word_1_216' title='bbox 420 2231 653 2295; x_wconf 82' lang='lat' dir='ltr'><strong>pulvinum</strong></span> <span class='ocrx_word' id='word_1_217' title='bbox 670 2230 999 2278; x_wconf 84' lang='lat' dir='ltr'><strong>ascendentibus</strong></span> <span class='ocrx_word' id='word_1_218' title='bbox 1013 2264 1026 2287; x_wconf 87' lang='lat'><em>‚</em></span> <span class='ocrx_word' id='word_1_219' title='bbox 1045 2229 1091 2274; x_wconf 87' lang='lat' dir='ltr'><strong>in</strong></span> <span class='ocrx_word' id='word_1_220' title='bbox 1118 2245 1169 2275; x_wconf 87' lang='lat' dir='ltr'><strong>ea</strong></span> <span class='ocrx_word' id='word_1_221' title='bbox 1191 2227 1288 2275; x_wconf 81' lang='lat' dir='ltr'><strong>illos</strong></span> <span class='ocrx_word' id='word_1_222' title='bbox 1308 2226 1418 2275; x_wconf 84' lang='lat' dir='ltr'><strong>urbe</strong></span> <span class='ocrx_word' id='word_1_223' title='bbox 1439 2227 1495 2275; x_wconf 83' lang='lat' dir='ltr'><strong>fic</strong></span> <span class='ocrx_word' id='word_1_224' title='bbox 1514 2229 1588 2275; x_wconf 89' lang='lat' dir='ltr'><strong>in-</strong></span> 
     </span>
     <span class='ocr_line' id='line_1_30' title="bbox 302 2301 1586 2369; baseline -0.002 -18"><span class='ocrx_word' id='word_1_225' title='bbox 302 2306 452 2369; x_wconf 77' lang='lat' dir='ltr'><strong>gredi,</strong></span> <span class='ocrx_word' id='word_1_226' title='bbox 481 2305 525 2350; x_wconf 92' lang='lat' dir='ltr'><strong>in</strong></span> <span class='ocrx_word' id='word_1_227' title='bbox 542 2321 627 2369; x_wconf 84' lang='lat' dir='ltr'><strong>qua</strong></span> <span class='ocrx_word' id='word_1_228' title='bbox 644 2305 775 2352; x_wconf 82' lang='lat' dir='ltr'><strong>etiam</strong></span> <span class='ocrx_word' id='word_1_229' title='bbox 801 2303 985 2350; x_wconf 75' lang='lat' dir='ltr'><strong>feminas</strong></span> <span class='ocrx_word' id='word_1_230' title='bbox 1013 2318 1132 2365; x_wconf 82' lang='lat' dir='ltr'><strong>equo</strong></span> <span class='ocrx_word' id='word_1_231' title='bbox 1153 2301 1428 2348; x_wconf 76' lang='lat' dir='ltr'><strong>donavimus.</strong></span> <span class='ocrx_word' id='word_1_232' title='bbox 1446 2302 1586 2361; x_wconf 82' lang='lat' dir='ltr'><strong>Quod</strong></span> 
     </span>
     <span class='ocr_line' id='line_1_31' title="bbox 303 2373 1584 2442; baseline -0.004 -17"><span class='ocrx_word' id='word_1_233' title='bbox 303 2373 381 2424; x_wconf 65' lang='lat' dir='ltr'><strong>tibi</strong></span> <span class='ocrx_word' id='word_1_234' title='bbox 400 2379 430 2424; x_wconf 85' lang='lat' dir='ltr'><strong>fi</strong></span> <span class='ocrx_word' id='word_1_235' title='bbox 453 2378 520 2425; x_wconf 87' lang='lat' dir='ltr'><strong>vis</strong></span> <span class='ocrx_word' id='word_1_236' title='bbox 537 2379 736 2442; x_wconf 81' lang='lat' dir='ltr'><strong>exempla</strong></span> <span class='ocrx_word' id='word_1_237' title='bbox 756 2375 907 2424; x_wconf 77' lang='lat' dir='ltr'><strong>referri</strong></span> <span class='ocrx_word' id='word_1_238' title='bbox 928 2376 1190 2422; x_wconf 84' lang='lat' dir='ltr'><strong>feminarum</strong></span> <span class='ocrx_word' id='word_1_239' title='bbox 1207 2407 1222 2433; x_wconf 85' lang='lat'>‚</span> <span class='ocrx_word' id='word_1_240' title='bbox 1243 2391 1353 2438; x_wconf 79' lang='lat' dir='ltr'><strong>quae</strong></span> <span class='ocrx_word' id='word_1_241' title='bbox 1373 2374 1471 2420; x_wconf 87' lang='lat' dir='ltr'><strong>suos</strong></span> <span class='ocrx_word' id='word_1_242' title='bbox 1487 2374 1584 2420; x_wconf 87' lang='lat' dir='ltr'><strong>for-</strong></span> 
     </span>
     <span class='ocr_line' id='line_1_32' title="bbox 303 2449 1584 2515; baseline -0.004 -15"><span class='ocrx_word' id='word_1_243' title='bbox 303 2452 407 2501; x_wconf 86' lang='lat' dir='ltr'><strong>titer</strong></span> <span class='ocrx_word' id='word_1_244' title='bbox 426 2452 802 2511; x_wconf 71' lang='lat' dir='ltr'><strong>desideraverunt,</strong></span> <span class='ocrx_word' id='word_1_245' title='bbox 828 2467 919 2498; x_wconf 87' lang='lat' dir='ltr'><strong>non</strong></span> <span class='ocrx_word' id='word_1_246' title='bbox 938 2449 1127 2498; x_wconf 81' lang='lat' dir='ltr'><strong>ostiatim</strong></span> <span class='ocrx_word' id='word_1_247' title='bbox 1156 2464 1393 2513; x_wconf 85' lang='lat' dir='ltr'><strong>quaeram:</strong></span> <span class='ocrx_word' id='word_1_248' title='bbox 1421 2466 1476 2497; x_wconf 88' lang='lat' dir='ltr'><strong>ex</strong></span> <span class='ocrx_word' id='word_1_249' title='bbox 1500 2464 1584 2515; x_wconf 83' lang='lat' dir='ltr'><strong>una</strong></span> 
     </span>
    </p>
   </div>
  </div>
 </body>
</html>
