1741 2919
270 180 370 212 xxu
522 165 864 212 NOTITIA
913 166 1350 237 LlTERARIA

272 271 526 334 Philosophi
555 271 882 319 Christianismo
908 274 1041 321 exstat
1077 275 1258 325 diatriba
1288 275 1348 321 D.
1379 274 1544 339 Aegidii

274 338 518 392 Strauchii‚
552 337 696 384 Viteb.
736 339 886 384 1668.>
918 344 1035 394 1706
1055 375 1067 395 ,
1091 340 1130 387 8.
1166 356 1412 403 quanquam
1435 342 1547 386 mul-

275 417 317 449 ta
348 403 443 448 sunt
462 402 506 447 in
529 403 718 448 Senecae
739 402 906 465 scriptis
921 438 934 460 ‚
960 421 1069 466 quae
1095 405 1321 450 hominem
1345 403 1549 451 Christia-

274 484 380 513 num
415 467 530 513 haud
565 467 831 522 dedeceant,
869 484 1056 530 quorum
1084 482 1248 531 partem
1285 469 1552 531 collegerunt

278 532 484 593 Iosephus
521 531 669 577 Hallus
690 564 704 586 ‚
735 533 785 578 ὅ(
822 535 883 578 Io.
913 533 1098 595 Baptista
1132 533 1551 581 Schellemberchius

278 596 428 643 Iesuita
460 596 506 642 in
539 598 699 643 Seneca
729 597 977 643 Christiano
996 631 1011 653 ‚
1050 600 1099 645 &
1124 602 1183 644 M.
1212 599 1348 645 Iustus
1382 599 1554 646 Siberus

261 661 323 706 *in
358 665 518 707 Seneca
551 661 710 708 divinis
744 662 930 708 oraculis
955 663 1288 725 quodammodo
1329 663 1554 721 consono,

278 726 476 773 Dresdae
523 725 630 787 1675
656 763 667 777 ,
714 743 781 772 12.
820 727 975 787 quibus
1008 728 1212 791 iungendi
1250 739 1418 789 praeter
1460 727 1556 774 Nic.

279 790 601 836 Hardschmislii
636 791 727 837 diss.
757 792 810 837 de
834 793 1020 838 Senecae
1050 793 1203 838 notitia
1234 793 1323 839 Dei
1353 792 1556 849 naturali,

280 857 343 901 10.
367 855 500 902 Andr.
535 855 801 910 Scffinidius,
837 855 925 902 diss.
957 857 1012 904 de
1029 858 1188 905 Seneca
1207 858 1390 919 eiusque
1410 858 1560 903 Theo-

280 920 396 983 logia
419 924 504 966 len.
533 921 673 976 1668,
700 939 742 980 4.
763 922 813 967 &
848 924 906 967 lo.
930 924 1054 967 lanus
1072 921 1327 985 Svaningius
1345 922 1388 966 in
1406 922 1558 968 Theo-

281 984 399 1048 logia
434 984 612 1029 naturali
636 986 980 1047 contemplativa
1021 1003 1073 1031 ex
1107 988 1294 1033 Senecae
1319 986 1482 1048 scriptis
1515 987 1559 1032 in

282 1049 408 1096 locos
438 1066 697 1097 communes
734 1050 924 1114 digesta,
957 1051 1138 1097 Hafniae
1166 1068 1284 1113 1710
1303 1087 1315 1108 ,
1345 1069 1386 1112 4.
1423 1061 1433 1081 ¹
1461 1068 1560 1097 cum

284 1113 462 1177 praefat.
486 1114 653 1160 erudita
686 1116 748 1161 D.
786 1115 983 1163 Severini
1026 1118 1266 1179 Lintrupii:
1305 1120 1363 1161 lo.
1400 1115 1562 1177 Philip-

284 1196 364 1242 pus
391 1179 561 1241 Apinus
586 1179 678 1227 diff.
710 1180 764 1225 de
797 1180 1007 1244 religione
1029 1173 1215 1227 Senecae
1243 1179 1389 1227 Viteb.
1412 1181 1527 1242 1692
1547 1216 1562 1241 2

285 1260 329 1302 4.
371 1246 432 1288 Io.
464 1245 601 1287 Henr.
632 1258 726 1289 von
767 1246 917 1287 Seelen
940 1277 953 1299 ‚
990 1246 1035 1287 in
1067 1242 1161 1289 diff.
1192 1243 1246 1289 de
1280 1244 1563 1305 scriptoribus

290 1306 525 1369 gentilibus
551 1305 661 1352 falso
691 1305 735 1351 in
771 1306 1116 1354 Christianorum
1160 1307 1359 1354 ordinem
1392 1308 1563 1365 relatis,

289 1374 339 1418 ὃ(
384 1372 438 1417 de
475 1369 630 1416 frustra
665 1371 864 1433 quaesitis
892 1370 935 1417 in
973 1371 1161 1434 Virgilio
1192 1372 1319 1418 rebus
1367 1371 1562 1418 divinio-

288 1436 408 1483 ribus
429 1468 443 1491 ,
491 1436 741 1497 Flensburg.
778 1453 894 1497 ¹7¹4
915 1471 928 1493 ,
962 1454 1004 1494 4„
1038 1439 1099 1482 Io,
1138 1437 1334 1483 Gottlieb
1370 1436 1561 1482 Heinec—

290 1502 381 1549 cius
401 1501 454 1548 de
470 1500 745 1562 philosophis
772 1501 1139 1558 semichristianis,
1160 1502 1290 1546 Halae
1309 1501 1402 1546 Sax.
1429 1518 1565 1562 17142

290 1583 331 1624 4.
362 1566 545 1612 Iacobus
581 1565 794 1611 Henricus
825 1566 1077 1612 Lochnerus
1109 1565 1153 1611 in
1182 1564 1484 1614 schediasmate
1513 1567 1566 1612 de

291 1630 582 1691 scriptoribus
611 1630 864 1687 nonnullis,
895 1631 970 1693 qui
991 1630 1082 1677 aliis
1113 1631 1297 1694 pagani,
1326 1630 1419 1676 aliis
1444 1630 1567 1676 Chri-

291 1694 417 1741 stiani
446 1695 650 1752 audiunt,
670 1696 810 1740 Brem.
844 1712 920 1756 ¹71
935 1698 962 1741 6
979 1731 992 1750 ,
1016 1713 1055 1754 4.
1084 1697 1133 1742 ὅ(
1154 1708 1250 1741 ante
1271 1696 1351 1741 hos
1371 1695 1570 1741 Debri-

293 1759 456 1807 stianus
473 1760 739 1806 Kortholtus
757 1760 802 1805 in
821 1759 913 1806 diff.
927 1761 979 1806 de
995 1760 1180 1822 Philippi
1197 1760 1346 1806 Arabis
1359 1796 1371 1816 ,
1388 1759 1569 1805 Alexan-

296 1825 395 1881 dri,
429 1828 699 1871 Mammaeae
722 1857 734 1878 ‚
774 1824 898 1870 Plinii
927 1824 1107 1872 iunioris
1144 1826 1193 1871 δέ
1225 1827 1409 1871 Senecae
1440 1823 1570 1870 Chri-

297 1889 553 1946 stianismo‚
589 1889 678 1934 Kil.
722 1891 838 1935 1666
860 1925 873 1946 ,
900 1908 949 1947 4.
984 1905 1077 1935 tum
1119 1890 1268 1939 austor
1304 1889 1470 1943 libelli,
1506 1891 1576 1933 der

301 1955 525 2019 Clzristliche
553 1958 736 2012 Seneca,
768 1955 878 2001 oder
913 1953 1200 2000 Richtschnur
1232 1954 1349 2000 eines
1386 1953 1570 2016 tugend-

297 2017 449 2064 hasten
474 2019 638 2065 Lebens
664 2035 738 2064 aus
766 2020 909 2065 denen
942 2018 1131 2081 Episteln
1164 2020 1211 2064 L.
1249 2018 1413 2064 Annaei
1443 2020 1573 2064 Sene·-

303 2100 378 2130 cae
410 2099 603 2145 gezogen
624 2119 636 2139 ‚
669 2082 778 2145 Lips.
822 2101 968 2143 1712,
1001 2083 1145 2129 forma
1182 2084 1366 2131 minore.

367 2147 551 2193 Moralis
584 2147 890 2209 Philosophiae
925 2148 1186 2195 colleEianea
1217 2147 1374 2210 digesta
1412 2163 1488 2208 per
1520 2145 1576 2191 ti-

303 2212 451 2269 tulos,
496 2213 546 2259 ὃς
579 2230 630 2259 ex
657 2215 848 2259 Senecae
886 2212 1053 2273 scriptis
1085 2213 1229 2259 sele&a
1262 2229 1286 2261 a
1318 2214 1424 2257 Lud.
1460 2212 1575 2256 Gra-

303 2277 481 2339 amend-(i,
523 2276 689 2323 exstant
732 2276 775 2322 iu
807 2277 931 2323 huius
968 2277 1174 2338 operibus
1210 2276 1385 2322 iunffim
1426 2276 1577 2320 Latine

304 2341 469 2388 excusis
506 2342 682 2397 Andrea
716 2344 900 2389 Schotto
935 2354 1112 2389 curante
1144 2341 1282 2389 tribus
1322 2340 1575 2389 Voluminie
1660 2367 1669 2371 -

371 2497 382 2520 1
419 2484 509 2522 Asta
535 2483 724 2523 Eruditor.
746 2484 792 2522 T.
810 2484 874 2523 VI.
894 2483 1081 2534 supplem.
1102 2496 1139 2533 p.
1167 2494 1251 2535 335.
