1741 2919
430 129 516 178 DE
551 99 949 204 coNsTANTiA
984 129 1296 178 smmum.
1398 145 1489 194 299

218 232 292 281 etsi
313 232 458 297 aspera
477 271 491 293 ,
517 248 561 282 et
585 251 968 300 quantumcunque
997 237 1184 284 toleratu
1208 233 1356 299 gravia
1386 234 1494 294 sint,

219 307 454 372 audituque
482 320 524 355 et
549 309 644 356 visu
676 309 949 374 refugienda,
972 326 1063 356 non
1095 310 1306 355 obruetur
1332 323 1492 354 eorum

219 390 351 425 coetu
373 395 384 425 t
404 390 446 426 et
473 378 609 443 qualis
630 379 802 443 singulis
818 414 831 436 ‚
851 381 946 427 talis
966 380 1177 428 universis
1196 379 1381 426 obsistet.
1400 378 1494 439 Qui

219 450 348 506 dicit,
378 450 486 497 illud
506 451 729 498 tolerabile
756 451 934 515 sapienti
953 488 966 510 ,
993 453 1097 499 illud
1122 452 1393 499 intolerabile
1409 482 1424 506 ‚
1449 462 1494 497 et

221 523 354 570 animi
380 524 719 587 magnitudinem
746 524 860 572 intra
889 540 1034 572 certos
1062 524 1171 573 fines
1197 538 1316 573 tenet
1341 542 1352 571 ε
1384 524 1496 571 male

219 597 320 659 agit.
347 596 488 644 vincit
508 613 587 644 nos
615 597 791 645 fortuna
808 635 821 658 ,
852 598 932 645 nifi
952 611 1045 646 tota
1066 599 1279 647 vincatur.
1296 601 1391 646 Nec
1409 616 1494 662 pu*

219 684 283 717 tes
301 670 422 718 istam
443 671 635 718 Stoicam
655 672 740 719 effe
761 672 977 719 duritiam.
1003 673 1238 734 Epicurus,
1259 689 1390 735 quem
1410 684 1498 717 vos

219 754 453 804 patronum
472 744 650 791 inertiae
674 745 839 792 vestrae
858 745 1093 802 assumitis,
1113 746 1359 808 putatisque
1380 743 1496 790 mol·

219 815 275 863 lia
303 833 352 864 ac
375 817 583 865 desidiosa
608 818 883 881 praecipere,
913 830 956 864 et
981 818 1034 863 ad
1056 817 1302 879 voluptates
1330 817 1497 862 ducen-

219 892 276 939 tia
295 926 309 949 ,
329 893 447 938 Raro
463 927 477 951 ‚
494 892 634 955 inquit
651 925 664 949 ,
686 890 864 954 sapienti
883 891 1122 938 intervenit
1142 890 1332 938 fortuna.
1350 892 1498 950 Quam

219 981 357 1028 paene
389 964 527 1012 emisit
554 965 641 1013 viri
673 964 860 1012 vocem!
897 965 979 1013 Vis
1006 978 1054 1012 tu
1084 964 1244 1011 fortius
1271 963 1426 1026 loqui,
1455 974 1499 1009 et

218 1040 338 1088 illam
363 1057 419 1087 ex
438 1053 538 1087 toto
558 1039 849 1088 submovere?
872 1041 1050 1087 Domus
1071 1041 1178 1086 haec
1201 1037 1400 1100 sapientis
1418 1054 1499 1083 an-

217 1112 365 1176 gusta,
390 1112 478 1159 fine
500 1113 641 1168 cultu,
663 1112 750 1159 fine
770 1111 978 1175 strepitu,
1007 1112 1094 1159 fine
1112 1122 1342 1175 apparatu,
1370 1111 1500 1158 nullis

221 1183 482 1231 observatur
501 1181 760 1229 ianitoribus
773 1217 786 1238 ,
809 1186 981 1230 turbam
996 1183 1165 1228 vaenali
1183 1183 1355 1228 fastidio
1373 1182 1500 1244 dige-

219 1256 416 1304 rentibus
439 1275 449 1303 :
472 1256 542 1303 sed
568 1273 646 1319 per
663 1256 750 1302 hoc
770 1255 904 1303 limen
923 1272 1111 1303 vacuum
1127 1288 1141 1311 ‚
1163 1268 1207 1302 et
1236 1255 1290 1301 ab
1315 1254 1500 1302 ostiariis

215 1332 429 1390 liberum,
457 1330 635 1377 fortuna
664 1345 755 1375 non
787 1329 949 1375 transit.
978 1328 1055 1375 scit
1084 1345 1176 1376 non
1199 1327 1283 1375 effe
1309 1327 1395 1374 illic
1421 1326 1498 1375 fibi

217 1404 397 1461 locum,
428 1404 505 1450 ubi
536 1403 598 1450 sui
624 1403 730 1450 nihil
757 1403 830 1449 est.
858 1402 1027 1463 Quodsi
1049 1402 1258 1464 Epicurus
1289 1418 1498 1465 quoque,

218 1478 296 1539 qui
315 1477 498 1540 corpori
518 1476 756 1540 plurimum
775 1477 977 1532 indulsit,
1003 1475 1206 1523 adversus
1224 1474 1402 1522 iniurias
1420 1490 1499 1522 ex-

218 1548 355 1610 surgit
376 1567 386 1595 :
412 1550 518 1611 quid
539 1550 653 1611 apud
680 1566 761 1596 nos
781 1549 1035 1596 incredibile
1060 1549 1202 1595 videri
1230 1547 1394 1612 potest,
1424 1561 1500 1594 aut

218 1621 342 1684 supra
367 1622 581 1668 humanae
612 1638 788 1670 naturae
820 1622 1100 1671 mensuram?
1130 1622 1203 1669 Ille
1234 1623 1293 1669 ait
1320 1620 1498 1669 iniurias

218 1693 467 1741 tolerabiles
491 1693 576 1741 effe
596 1693 802 1756 sapienti,
824 1713 904 1742 nos
922 1697 1097 1744 iniurias
1118 1713 1207 1742 non
1227 1695 1323 1742 effe.

287 1766 410 1812 XVI.
432 1767 527 1813 Nec
546 1766 608 1813 est
622 1799 636 1822 ‚
663 1768 784 1830 quod
809 1768 925 1816 dicas
944 1770 1030 1816 hoc
1050 1784 1224 1816 naturae
1245 1785 1500 1832 repugnare.

220 1841 326 1888 Non
354 1857 562 1906 negamus
586 1859 677 1888 rem
701 1843 1033 1891 incommodam
1061 1843 1175 1902 effe,
1203 1844 1429 1892 verberari
1454 1858 1500 1892 et

216 1916 405 1979 impelli,
435 1929 479 1964 et
512 1918 662 1981 aliquo
692 1919 895 1965 membro
922 1935 1069 1967 canere
1097 1935 1107 1964 t
1140 1918 1212 1964 sed
1239 1916 1390 1963 omnia
1420 1916 1498 1962 ista

217 2006 424 2054 negamus
442 1990 621 2039 iniurias
640 1993 737 2040 effe.
758 2009 849 2039 non
868 1991 1033 2040 sensum
1058 1991 1139 2038 illis
1164 1991 1331 2037 doloris
1349 1990 1497 2038 detra-

217 2062 360 2110 himus
380 2080 392 2110 2
415 2063 486 2109 sed
515 2079 680 2111 nomen
701 2064 907 2121 iniuriae,
929 2065 1051 2129 quod
1072 2081 1162 2111 non
1189 2063 1333 2128 potest
1357 2064 1492 2126 recipi

215 2134 376 2183 virtute
397 2134 526 2183 salva.
548 2138 660 2184 Uter
677 2138 824 2185 verius
845 2139 961 2185 dicat
975 2171 989 2193 ‚
1012 2137 1262 2185 videbimus
1280 2155 1291 2184 ε
1312 2136 1366 2183 ad
1385 2153 1496 2184 con-

217 2218 402 2254 temtum
422 2207 599 2271 quidem
631 2210 811 2258 iniuriae
834 2222 1019 2273 uterque
1049 2208 1278 2257 consentit.
1309 2210 1494 2269 Quaeris

215 2277 322 2342 quid
342 2279 455 2326 inter
474 2281 584 2328 duos
609 2281 801 2329 intersit?
821 2284 962 2343 Quod
980 2283 1093 2329 inter
1117 2281 1374 2346 gladiatores
1397 2281 1494 2328 fora

214 2351 414 2400 tiffimos.
434 2370 625 2417 quorum
651 2358 757 2403 alter
783 2358 942 2420 premit
966 2358 1128 2405 vulnus
1148 2390 1163 2418 ,
1183 2371 1224 2405 et
1243 2356 1321 2404 stat
1333 2356 1378 2403 in
1395 2374 1494 2421 gra-2

211 2424 298 2484 du,
318 2426 423 2474 alter
448 2428 680 2492 respiciens
700 2431 753 2478 ad
775 2431 1033 2481 clamantem
1062 2422 1275 2497 populum
1291 2466 1306 2492 ,
1332 2431 1494 2496 signifi*-
