1741 2919
288 125 381 174 290
534 115 583 160 L.
634 113 931 160 ΑΝΝΑΕῙ
980 115 1330 164 SENECAE

280 235 363 281 pae
385 219 480 267 satis
504 219 564 266 est
580 257 592 276 ‚
612 220 799 284 perfecta
824 221 930 268 sunt„
967 223 1196 282 Quaedam
1222 225 1315 272 eius
1333 222 1558 272 conditio-⁶

279 294 348 339 nis
378 293 500 351 sunt,
530 310 574 342 et
601 295 682 343 hac
713 295 813 342 vice
843 296 1136 358 copulantur,
1172 310 1220 344 ut
1252 299 1434 346 alterum
1470 299 1561 345 fine

277 366 419 414 ¹altero
438 367 523 415 effe
538 367 667 430 poffit
678 404 691 424 ‚
706 368 888 415 alterum
908 368 994 414 fine
1011 370 1147 416 altero
1162 386 1251 417 non
1267 371 1410 433 poffit.
1425 373 1566 432 Quod

279 439 409 498 dice,
427 443 624 488 conabor
646 439 791 488 facere
811 441 1102 489 manifestum.
1123 443 1296 489 Poss‘um
1316 445 1449 506 pedes
1468 460 1568 491 mo-

281 527 413 572 vere,
432 526 479 560 ut
500 529 592 560 non
613 529 785 560 curram
806 531 817 560 :
837 531 1011 561 currere
1030 532 1122 562 non
1142 516 1313 578 possum
1337 551 1351 574 ‚
1369 530 1418 563 ut
1435 517 1568 580 pedes

281 602 375 635 non
402 606 628 637 moveam.
650 589 824 652 possum
842 625 855 647 ‚
884 590 1086 652 quamvis
1116 591 1160 636 in
1193 608 1305 654 aqua
1336 589 1442 649 sim,
1472 608 1567 638 non

283 677 429 711 natare
458 681 469 711 z
507 662 536 709 fi
563 677 696 720 nato,
722 679 814 709 non
845 662 1016 726 poffum
1042 663 1086 709 in
1115 681 1226 728 aqua
1256 680 1347 710 non
1370 664 1467 710 effe.
1500 667 1568 713 Ex

279 738 363 786 hac
390 739 507 786 sorte
534 750 578 785 et
599 739 688 784 hoc
716 737 806 796 est,
836 739 891 784 de
917 754 1009 800 quo
1035 738 1187 802 agitur.
1216 739 1247 785 fi
1275 740 1474 786 iniuriam
1496 758 1569 788 ac-

284 813 400 876 cepi,
421 810 588 860 neceffe
607 811 668 859 est
694 810 853 858 factam
877 811 979 858 effe.
1002 810 1031 856 fi
1049 811 1110 858 est
1134 810 1265 869 faeie,
1289 829 1379 859 non
1408 813 1469 860 est
1487 831 1567 861 ne·

284 889 397 937 cesse
415 885 622 949 accepifi'e
636 903 722 932 me.
743 885 883 931 Multa
898 884 1015 930 enim
1031 884 1225 931 incidere
1243 884 1442 947 poffunt⁹
1458 903 1569 949 quae

286 963 576 1010 submoveant
600 959 814 1006 iniuriam.
858 961 919 1005 Ut
951 957 1159 1005 intentam
1187 974 1365 1004 manum
1385 957 1573 1006 deiicere

287 1037 406 1085 casus
444 1032 612 1097 potest,
645 1044 689 1079 et
723 1030 871 1079 emiffa
900 1031 983 1077 tela
1013 1031 1229 1077 declinare
1257 1047 1268 1076 z
1298 1029 1356 1076 ita
1391 1030 1572 1078 iniurias

289 1110 612 1169 qualescunque
632 1104 773 1168 potest
794 1104 937 1168 aliqua
955 1121 1021 1150 res
1041 1103 1282 1166 depellere,
1305 1116 1348 1150 et
1363 1103 1407 1150 in
1421 1104 1571 1151 medio

295 1181 556 1244 intercipere
574 1215 587 1235 ‚
610 1195 659 1226 ut
683 1192 726 1225 et
744 1178 878 1225 factae
898 1177 1000 1233 sint,
1020 1195 1100 1225 nec
1130 1194 1346 1241 acceptae.

352 1258 470 1303 Vlll.
503 1256 731 1300 Praeterea
750 1252 856 1297 nihil
883 1251 1087 1297 iniustum
1108 1250 1265 1297 iustitia
1292 1251 1380 1313 pati
1400 1251 1567 1315 potestz

288 1331 390 1396 quia
423 1345 514 1375 non
547 1328 713 1374 coeunt
744 1326 990 1373 contraria:
1012 1326 1167 1372 iniuria
1188 1339 1332 1372 autem
1361 1343 1449 1373 non
1484 1342 1570 1389 po-

288 1406 367 1452 test
398 1404 507 1451 fieri.
536 1402 614 1449 nifi
633 1401 788 1448 iniuste
815 1418 825 1448 :
852 1417 962 1464 ergo
983 1401 1161 1463 sapienti
1183 1401 1338 1447 iniuria
1365 1417 1454 1447 non
1483 1416 1570 1463 po-

289 1477 370 1525 test
401 1476 508 1522 fieri.
544 1476 640 1521 Nec
659 1473 720 1521 est
745 1474 869 1538 quod
899 1472 1068 1520 mireris
1080 1501 1096 1526 -,
1123 1473 1152 1519 fi
1187 1490 1319 1519 nemo
1343 1472 1485 1536 potest
1512 1473 1572 1519 illi

287 1551 493 1599 iniuriam
514 1548 657 1596 facere
672 1582 686 1604 ‚
707 1563 786 1594 nec
804 1545 1005 1611 prodeffe
1024 1546 1205 1610 quidem
1232 1545 1462 1610 quisquam
1490 1561 1572 1609 po-

288 1623 380 1671 test.
406 1637 450 1671 et
474 1621 656 1685 sapienti
681 1620 788 1669 nihil
818 1619 962 1675 deest,
990 1621 1113 1684 quod
1140 1621 1338 1683 accipere
1359 1618 1489 1683 poffit
1506 1620 1573 1666 lo-

290 1713 347 1743 co
368 1696 562 1743 muneris
585 1713 595 1741 :
622 1708 671 1742 ¹et
695 1694 834 1742 malus
853 1694 959 1740 nihil
990 1693 1134 1757 potest
1162 1694 1352 1740 tribuere
1377 1692 1575 1756 sapienti.

291 1769 463 1815 Habere
485 1768 606 1815 enim
632 1766 752 1830 prius
780 1766 938 1823 debet,
967 1782 1100 1829 quam
1130 1767 1263 1813 dare:
1295 1767 1400 1812 nihil
1426 1781 1572 1814 autem

288 1841 453 1897 habet,
491 1839 614 1903 quod
649 1839 705 1885 ad
735 1839 777 1886 se
803 1837 1026 1886 transferri
1053 1840 1217 1902 sapiens
1251 1839 1476 1903 gavisurus
1508 1840 1576 1887 fit.

290 1912 397 1960 Non
430 1910 573 1975 potest
598 1927 709 1975 ergo
735 1911 964 1975 quisquam
994 1922 1066 1957 aut
1087 1925 1248 1958 nocere
1276 1911 1480 1974 sapienti,
1499 1925 1572 1958 aut

291 1983 493 2049 prodeffe
514 2002 526 2030 ε
547 1984 924 2047 quemadmodum
956 1982 1109 2031 divina
1138 2001 1218 2030 nec
1246 1982 1385 2030 iuvari
1410 1981 1574 2029 defide-

291 2072 389 2105 ‘rant
406 2093 421 2114 ,
449 2073 529 2104 nec
556 2056 667 2103 laedi
695 2054 888 2119 poss‘unt.
914 2054 1080 2118 sapiens
1107 2071 1251 2103 autem
1277 2055 1447 2102 vicinus
1466 2071 1574 2118 pro-

291 2132 525 2192 ximusque
554 2128 636 2176 diis
664 2128 886 2183 consistit,
917 2142 1100 2189 excepta
1126 2127 1422 2182 mortalitate,
1455 2127 1573 2174 simi-

291 2205 342 2251 lis
373 2203 491 2249 Deo,
522 2202 592 2248 Ad
618 2201 690 2248 illa
719 2201 860 2248 nitens
884 2216 1156 2264 pergensque
1173 2200 1336 2247 excelsa
1352 2236 1365 2258 ‚
1392 2199 1573 2246 ordina-

292 2292 364 2335 ta,
400 2276 615 2339 intrepida
634 2312 648 2334 ,
680 2274 851 2339 aequali
881 2289 925 2321 et
951 2274 1171 2321 concordi
1206 2273 1330 2321 cursu
1364 2273 1540 2321 fluentia
1559 2309 1574 2331 ,

294 2351 468 2408 secura,
498 2350 708 2412 benigna,
734 2350 856 2395 bono
883 2347 1062 2410 publico
1090 2359 1211 2393 natus
1228 2382 1242 2403 ‚
1261 2357 1303 2393 et
1323 2346 1399 2392 fibi
1418 2359 1462 2393 et
1482 2345 1574 2393 aliis

292 2425 507 2485 salutaris,
536 2424 640 2473 nihil
660 2423 823 2473 humile
854 2421 1134 2485 concupiscet
1154 2457 1167 2481 ‚
1189 2421 1296 2469 nihil
1316 2419 1439 2469 flebit
1455 2455 1473 2482 ,
1496 2419 1575 2485 qui
