1741 2919
283 159 371 210 132
540 149 589 195 L.
641 147 935 193 ANNAEI
983 146 1341 194 SENECAE

274 251 393 299 neris
427 249 594 316 exigit,
634 251 850 300 comitum
890 251 1017 299 turba
1049 251 1294 299 dimittitur.
1327 249 1568 300 Militantes

273 338 458 385 quotam
487 335 658 385 partem
688 339 835 370 rerum
859 322 1031 373 suarum
1058 322 1203 370 secum
1230 323 1428 371 babent?
1463 341 1564 371 cum

275 412 459 442 omnem
488 408 750 459 apparatum
786 396 1006 444 castrensis
1033 395 1257 459 disciplina
1291 395 1567 443 submoveat.

273 469 372 515 Nec
397 480 571 515 tantum
599 469 799 516 conditio
825 468 923 515 illos
950 483 1205 531 temporum
1222 504 1236 526 ,
1262 481 1339 515 aut
1357 468 1566 515 locorum

272 541 450 605 inopia,
469 543 738 606 pauperibus
757 557 992 606 exaequat:
1013 542 1187 588 sumunt
1213 542 1427 605 quosdam
1448 542 1560 599 dies,

272 631 374 661 cum
395 615 481 676 iarn
504 616 602 663 illos
622 616 876 665 divitiarum
904 615 1095 663 taedium
1128 615 1272 678 cepit,
1294 616 1452 679 quibus
1481 614 1563 661 hu-

273 687 338 734 mi
358 702 580 748 coenent,
604 704 647 737 et
674 699 852 737 remoto
883 704 990 735 auro
1025 699 1326 751 argentoque,
1359 687 1564 734 fientibus

273 772 466 809 utantur.
501 761 769 811 Dementes!
790 763 878 810 hoc
911 761 1035 826 quod
1063 760 1301 822 aliquando
1327 761 1566 824 concupis·

271 846 409 895 cunt,
440 836 612 901 semper
642 836 813 884 timent.
861 837 907 882 O
936 846 1095 899 quanta
1123 833 1226 880 illos
1257 834 1400 898 caligo
1434 851 1561 880 men·

273 908 386 955 tium
401 944 414 966 ,
434 922 593 972 quanta
611 909 857 974 ignorantia
870 907 1067 955 veritatis
1081 918 1277 966 exercet,
1293 907 1371 970 qui
1388 905 1563 970 fugiunt

270 982 399 1045 quod
425 982 664 1045 voluptatis
691 982 817 1029 causa
843 980 1092 1029 imitantur!
1114 984 1190 1028 Me
1216 980 1396 1044 quidem
1412 1013 1426 1035 ,
1450 996 1566 1043 quo-

273 1054 355 1103 ties
383 1055 563 1119 antiqua
583 1057 782 1120 exempla
805 1056 972 1119 respexi
991 1091 1004 1112 ,
1027 1055 1297 1119 paupertatis
1322 1055 1388 1101 uti
1407 1053 1567 1102 solatiis

272 1126 424 1189 pudet.
449 1127 660 1189 quoniam
693 1128 873 1191 quidem
902 1144 958 1175 eo
986 1143 1239 1191 temporum
1267 1126 1436 1174 luxuria
1462 1142 1568 1189 pro-

273 1198 390 1261 lapsa
411 1199 500 1257 est,
517 1211 564 1247 ut
587 1200 725 1248 maius
747 1200 959 1249 viaticum
987 1202 1180 1248 exsulum
1201 1200 1251 1247 fit
1267 1216 1437 1263 ,quam
1458 1199 1566 1245 olim

273 1272 593 1336 patrimonium
626 1274 876 1338 principum
903 1274 1000 1322 fuit.
1027 1277 1180 1322 Unum
1209 1273 1332 1322 fuisse
1361 1274 1567 1320 Homero

274 1345 475 1404 servum,
503 1357 588 1393 tres
619 1346 816 1405 Platoni,
842 1347 1010 1394 nullum
1036 1347 1237 1406 Zenoni,
1260 1362 1391 1410 aquo
1416 1346 1567 1410 coepit

277 1417 531 1465 Stoicorum
570 1419 706 1484 rigida
734 1436 783 1467 ac
817 1420 956 1467 virilis
983 1420 1223 1483 sapientia,
1258 1418 1354 1466 satis
1385 1419 1567 1466 constat.

276 1510 382 1540 num
402 1510 511 1557 ergo
531 1494 762 1558 quisquam
784 1511 862 1541 eos
879 1495 1059 1541 miseros
1079 1493 1230 1542 vixifl‘e
1245 1494 1386 1550 dicet,
1408 1506 1455 1541 ut
1474 1510 1565 1540 non

277 1564 369 1626 ipse
396 1565 760 1614 miserrimus'ob
789 1568 876 1612 hoc
905 1566 1111 1613 omnibus
1139 1566 1381 1613 videatur?
1413 1568 1565 1614 Mene-

274 1641 376 1689 tius
405 1639 628 1704 Agrippa,
659 1641 734 1703 qui
768 1640 882 1687 inter
914 1652 1055 1703 patres
1081 1658 1130 1688 ac
1161 1640 1335 1704 plebem
1366 1641 1567 1704 publicae

277 1711 443 1777 gratiae
462 1712 677 1775 sequester
694 1712 802 1767 fuit,
822 1730 920 1759 aere
938 1713 1100 1761 collato
1121 1713 1340 1762 funeratus
1358 1713 1430 1761 est.
1449 1715 1567 1763 Atti·
1587 1760 1590 1763 .

276 1790 360 1840 lius
379 1790 593 1853 Regulus,
615 1807 717 1838 cum
738 1792 913 1837 Poenos
937 1790 981 1836 in
1001 1790 1149 1838 Africa
1171 1789 1398 1850 funderet,
1419 1792 1471 1838 ad
1491 1793 1567 1840 Se-

278 1876 429 1911 natum
455 1863 645 1927 scripsit,
671 1864 992 1911 mercenarium
1014 1862 1134 1910 suum
1157 1864 1407 1921 disceffiffe,
1438 1880 1483 1912 et
1512 1866 1566 1912 ab

278 1955 335 1983 eo
364 1938 579 1984 desertum
605 1937 691 1984 effe
714 1954 786 1984 rus
809 1954 819 1982 :
839 1937 964 2000 quod
992 1937 1167 1984 Senatui
1194 1938 1367 2001 publice
1387 1939 1527 1986 curari
1548 1975 1564 1997 ,

273 2013 386 2066 ,dnm
413 2011 572 2057 abesset
588 2012 801 2075 Regulus,
829 2012 1004 2073 placuit.
1024 2011 1120 2059 Fuit
1141 2029 1218 2058 nae
1239 2012 1366 2069 tanti,
1389 2012 1564 2061 servum

280 2101 372 2131 non
395 2085 576 2140 habere,
598 2099 646 2131 ut
671 2085 860 2131 colonus
882 2085 973 2131 eius
992 2083 1183 2147 populus
1205 2085 1429 2132 Romanus
1450 2085 1567 2134 effer.

279 2156 501 2218 Scipionis
528 2156 640 2205 filiae
669 2175 726 2205 ex
749 2158 920 2205 aerario
946 2158 1096 2205 dotem
1127 2168 1390 2219 acceperunt
1413 2192 1427 2214 ,
1462 2157 1565 2220 quia

278 2230 385 2276 ni'nil
410 2231 494 2277 illis
519 2232 752 2294 reliquerat
777 2247 916 2294 pater.
944 2233 1148 2293 Aequum
1176 2228 1451 2277 mehercule&
1477 2245 1568 2278 erat

278 2304 493 2365 populum
513 2305 765 2351 Romanum
786 2305 997 2351 tributum
1017 2303 1213 2366 Scipioni
1237 2303 1366 2349 semel
1387 2304 1567 2352 confer-

276 2392 353 2431 re,
383 2393 484 2422 cum
505 2395 528 2424 a
547 2378 815 2443 Carthagine
835 2368 1005 2440 semper
1022 2378 1230 2442 exigeret.
1259 2378 1305 2424 O
1323 2376 1471 2424 felices
1497 2378 1565 2424 vi-

277 2465 352 2498 ros
370 2451 616 2513 puellarum
630 2487 645 2511 ,
662 2453 823 2517 quibus
845 2452 1037 2518 populus
1057 2453 1285 2501 Romanus
1299 2451 1406 2502 loco
1426 2450 1567 2502 soceri
