1741 2919
1355 116 1446 164 279

243 218 313 284 L.
378 213 808 284 ANNAEI
870 205 1370 277 SENECAE

167 370 362 460 DE
480 360 1443 456 CONSTANTIA

407 538 1148 617 SAPIENTIS

702 677 728 713 S
755 677 774 714 I
806 679 842 715 V
864 676 900 713 E

163 776 354 837 QUOD
379 776 442 821 IN
462 774 807 821 SAPIENTEM
832 774 971 819 NON
992 771 1444 819 CAD1T1N1UR1A

182 862 185 865 Α
479 896 515 940 L
550 896 567 939 1
601 895 633 939 B
670 895 703 939 E
738 894 782 938 R*
863 894 908 938 U
944 893 987 938 N
1022 893 1067 938 U
1097 891 1140 938 S.

530 1068 836 1127 Argumentum
865 1062 908 1111 δ’
939 1066 1069 1109 Ordo.

159 1190 294 1243 hiagni
317 1190 450 1237 animi,
476 1190 593 1243 magni
611 1190 764 1243 ingenii,
783 1203 884 1239 atque
904 1189 1005 1228 ctiam
1021 1187 1149 1240 eloquii
1170 1187 1408 1240 hocseriptum
1423 1201 1436 1226 .·

211 1268 282 1291 uno
301 1254 401 1292 verbo
416 1285 428 1300 ‚
444 1254 534 1290 inter
545 1254 686 1305 optima,
705 1254 927 1305 Editumsub
943 1266 1074 1305 tempus
1092 1251 1223 1305 prioris
1240 1251 1338 1288 illius
1350 1263 1437 1302 puto

209 1317 251 1354 de
279 1316 575 1370 Tranquillitate:
602 1317 657 1354 cui
680 1317 785 1367 vulgo
804 1317 906 1354 etiam
930 1317 1104 1367 iungunt,
1127 1315 1225 1352 male.
1247 1313 1436 1365 Diversum

210 1390 445 1430 argumentum
464 1379 525 1429 est,
548 1378 581 1414 6>
596 1379 662 1416 tali
675 1379 776 1432 serie.
796 1379 974 1418 Orditura
988 1379 1184 1416 Stoicorum
1199 1377 1322 1422 latiale,
1345 1391 1435 1428 quo-

209 1455 281 1478 rum
306 1441 533 1478 Paradoxum
559 1443 703 1489 traHat,
731 1441 927 1490 Sapientem
956 1455 1025 1478 non
1055 1439 1146 1493 affici
1168 1438 1313 1478 iniuria.
1336 1437 1439 1489 Quid

207 1516 285 1555 ergo
298 1503 319 1540 Ρ
339 1503 455 1540 aiebat
471 1504 642 1542 Serenus:
664 1518 734 1541 non
764 1505 851 1542 Cato
871 1502 1088 1541 contumeliis
1107 1501 1266 1554 afflans,
1289 1499 1437 1539 verberi-

209 1565 295 1613 bus,
320 1564 510 1617 &sputis?
519 1567 580 1604 Ab
596 1566 661 1605 lzac
680 1566 864 1604 ohietlione
888 1565 1079 1618 ingreditur
1095 1564 1133 1602 in
1150 1564 1350 1602 materiam:
1368 1561 1403 1599 δι’
1417 1593 1433 1609 ,

208 1627 295 1665 Non
310 1626 446 1678 affiHus
460 1628 503 1680 est
518 1641 630 1667 tamen
646 1629 803 1677 iniuriis,
815 1629 929 1681 inquit
943 1627 1032 1680 :filit
1045 1628 1133 1666 enim
1146 1629 1297 1681 Sapiens
1307 1659 1318 1675 ‚
1331 1639 1432 1679 atque

208 1688 246 1725 in
264 1689 459 1742 Sapientem
476 1691 607 1729 iniuria
622 1706 692 1729 non
710 1692 816 1732 cadit,
842 1693 950 1743 Quod
961 1703 1074 1730 tamen
1094 1706 1134 1729 ea
1150 1703 1258 1728 mente
1270 1691 1340 1728 dici
1358 1691 1411 1728 ait
1422 1719 1434 1737 ,

208 1765 278 1787 non
291 1763 330 1788 ut
344 1766 414 1789 non
421 1752 491 1802 fiat
505 1753 593 1805 ,sed
605 1766 643 1790 ut
660 1769 729 1792 non
745 1754 919 1792 admittat.
946 1753 1061 1806 Tangi
1072 1753 1180 1806 potest
1201 1752 1354 1799 iniuria,
1367 1754 1435 1804 sed

208 1826 277 1848 non
303 1811 418 1852 laedi:
439 1829 460 1851 a
479 1826 510 1851 te
527 1814 612 1866 effi,
635 1815 672 1853 in
687 1815 750 1854 illo
770 1831 839 1854 non
862 1815 938 1868 effi.
963 1816 1067 1855 Ilaec
1086 1816 1309 1866 pulcherrime
1331 1817 1433 1868 exfi—

206 1872 325 1923 quitur
337 1875 387 1911 ad
402 1876 486 1928 Cap.
499 1887 560 1914 IV.
575 1876 724 1915 Dividit
739 1879 860 1915 deinde
873 1878 1019 1917 dicenda
1033 1880 1069 1917 in
1084 1881 1174 1918 duas
1185 1892 1318 1932 partes,
1332 1880 1434 1931 idque

205 1949 229 1973 a
254 1935 448 1986 discrimine
468 1937 618 1976 iniuriae
641 1938 676 1976 G·
703 1940 949 1981 Contumeliae.
966 1942 1111 1990 Priore,
1134 1953 1238 1994 negat
1256 1941 1354 1979 illam
1368 1956 1429 1979 ca-

205 1996 280 2035 dere
295 1996 332 2032 in
352 1997 549 2050 Sapientem
557 2015 574 2047 ,·
585 2000 764 2052 posteriore
778 2031 790 2049 5
806 2016 865 2039 nec
880 2002 987 2050 islam.
1004 2003 1064 2040 De
1080 2003 1212 2041 iniuria
1226 2034 1237 2051 ‚
1254 2003 1432 2055 haecficnt

205 2070 417 2108 argumenta.
434 2061 587 2113 Sapiens
601 2062 738 2100 nullius
753 2063 836 2100 mali
849 2063 989 2116 patiens
1005 2080 1015 2103 .·
1031 2077 1069 2104 at
1083 2066 1210 2104 malum
1223 2066 1266 2117 esl
1283 2066 1432 2107 Iniuria.

204 2119 419 2169 Secundum,
442 2122 579 2161 Iniuria
594 2124 744 2162 detrabit
759 2123 793 2162 G·
810 2126 979 2164 detninuit
995 2143 1006 2166 .·
1027 2128 1188 2181 Sapienti
1206 2127 1300 2164 nihil
1316 2128 1428 2180 eripi-

202 2189 267 2217 tur.
287 2181 389 2219 habet
408 2183 445 2219 in
461 2183 500 2236 se
512 2198 581 2222 uno
594 2187 711 2223 omnia
723 2188 888 2239 reposita}
904 2186 940 2228 G?
947 2188 1097 2240 firmiter
1109 2219 1120 2238 ,
1133 2202 1171 2228 ut
1190 2190 1320 2243 Stilpo.
1343 2191 1429 2228 Ter*

202 2242 310 2288 tium,
332 2244 451 2282 Fortis
465 2248 508 2284 ab
520 2247 658 2298 infirmo
675 2263 746 2287 non
766 2249 938 2291 laeditur:
952 2266 1022 2290 non
1039 2266 1117 2304 ergo
1130 2267 1154 2290 a
1173 2253 1325 2292 Malitia
1346 2253 1428 2292 Vir-

201 2315 271 2342 tus.
297 2304 372 2343 Hic
395 2308 576 2355 obiicitur,
599 2311 714 2362 Atqui
735 2312 896 2350 Socrates
919 2327 1034 2352 nonne
1052 2315 1183 2353 iniuria
1209 2317 1426 2355 damnatus?

201 2366 259 2404 Ita
271 2397 282 2414 ‚
291 2368 514 2423 J'ecz'finefiia
532 2371 677 2410 iniuria.
699 2374 761 2412 Illi
779 2374 997 2423 intulerunt,
1013 2376 1084 2430 ἱρῇ»
1103 2392 1175 2415 non
1192 2378 1322 2432 accepit
1335 2394 1346 2418 .·
1360 2380 1429 2432 fid

194 2429 373 2483 sapientia
393 2434 518 2474 reiecit.
543 2435 641 2475 Sicut
664 2451 831 2480 venenum
852 2438 938 2478 milti
964 2440 1030 2481 das
1046 2471 1057 2489 ‚
1089 2454 1149 2493 ego
1171 2442 1332 2482 antidoto
1358 2445 1433 2484 uim

1076 2497 1168 2558 ⁵4
