1741 2919
296 124 391 188 ηε
525 127 576 174 n
631 102 1340 177 ANNAntsENEcAE

298 232 523 280 bonorum
543 231 754 296 egestate,
776 233 920 281 minus
937 234 1155 283 fastidiosa
1174 236 1249 285 fiat
1264 239 1431 286 eleffio.
1458 241 1583 289 Prae-¹

298 307 429 369 cipue
458 318 603 353 tamen
620 307 814 354 vitentur
832 309 999 367 tristes,
1029 322 1073 357 et
1100 313 1251 359 omnia
1280 315 1582 377 deplorantes,

297 380 458 444 quibus
492 381 609 428 nulla
636 397 728 427 non
755 383 877 429 causa
905 382 951 429 in
981 384 1179 447 querelas
1206 386 1357 448 placet.
1395 388 1584 437 Constet

297 454 360 501 illi
393 454 494 503 licet
523 454 629 502 fides
659 468 703 502 et
735 455 1073 515 benevolentia,
1110 459 1406 522 tranquillitati
1434 474 1583 508 tamen

300 527 508 576 inimicus
538 528 599 575 est
627 545 778 576 comes
797 531 1097 592 perturbatus,
1114 544 1156 580 et
1185 534 1337 580 omnia
1358 551 1550 597 gemens.

364 605 482 650 VIII.
511 603 804 650 Transeamus
826 603 880 651 ad
907 604 1197 666 patrimonia,
1228 607 1464 654 maximam
1494 608 1583 654 huu'

298 693 526 725 manarum
552 692 856 723 aerumnarum
881 676 1120 724 materiam.
1150 679 1263 724 Nam
1290 679 1320 725 fi
1338 679 1486 726 omnia
1503 680 1584 727 alia

298 753 458 822 quibus
485 752 711 815 angimur,
737 766 994 812 compares,
1021 763 1203 806 mortes,
1231 755 1584 817 aegrotationes,

300 841 468 884 metus,
495 825 702 872 desideria
718 861 731 882 ,
760 825 967 871 dolorum
994 825 1284 889 laborumque
1309 827 1585 889 patientiam,

256 946 258 948 ,
297 916 401 948 cum
418 899 470 946 iis
489 914 598 961 quae
617 897 744 944 nobis
763 897 874 943 mala
889 896 1076 959 pecunia
1096 896 1239 943 nostra
1258 898 1457 955 exhibet3
1477 900 1584 948 haec

299 991 399 1039 pars
431 974 618 1020 multum
651 971 972 1035 praegravabit.
1010 973 1160 1035 Itaque
1184 972 1468 1036 cogitandum
1493 975 1553 1021 est
1570 1011 1588 1034 ,

300 1061 469 1111 quanto
483 1047 626 1094 levior
643 1047 773 1093 dolor
790 1045 856 1102 fit,
873 1061 966 1091 non
979 1044 1159 1103 habere,
1174 1062 1304 1108 quam
1318 1047 1525 1109 perdere:
1542 1060 1587 1096 et

295 1122 618 1186 intelligemus,
650 1117 893 1183 paupertati
919 1134 976 1164 eo
996 1117 1215 1164 minorem
1241 1130 1587 1179 tormentorum,

302 1214 396 1260 quo
414 1197 633 1242 minorem
656 1195 919 1240 damnorum
938 1191 1024 1239 effe
1042 1194 1287 1240 materiam.
1307 1197 1431 1242 Erras
1449 1196 1588 1254 enim,

303 1273 337 1320 si
362 1287 488 1335 putas
512 1270 746 1316 animosius
767 1267 1026 1315 detrimenta
1052 1268 1212 1315 divites
1236 1268 1361 1317 ferre.
1386 1269 1588 1319 maximis

304 1344 586 1407 minimisque
607 1342 874 1404 corporibus
899 1358 977 1405 par
999 1341 1059 1388 est
1085 1341 1219 1388 dolor
1238 1342 1446 1390 vulneris.
1472 1343 1587 1391 Bion

303 1420 525 1482 eleganter
544 1416 626 1473 ait,
646 1417 750 1462 Non
768 1415 915 1462 minus
932 1413 1161 1460 molestum
1181 1413 1265 1460 effe
1285 1415 1434 1472 calvis,
1453 1432 1588 1478 qnam

303 1493 517 1546 comatis,
543 1492 658 1554 pilos
686 1491 802 1538 velli.
841 1490 958 1536 Idem
989 1490 1095 1537 scias
1121 1490 1221 1537 licet
1245 1491 1299 1537 de
1323 1490 1587 1553 pauperibus

302 1565 714 1627 locupletibusque,
745 1580 824 1626 par
853 1563 935 1614 iuis
963 1562 1049 1609 effe
1078 1574 1364 1610 tormentum.
1391 1563 1587 1626 utrisque

304 1638 424 1687 enim
444 1637 630 1699 pecunia
656 1637 727 1684 sua
752 1635 944 1682 obhaesit
958 1670 971 1692 ‚
990 1651 1071 1682 nec
1090 1635 1177 1681 fine
1194 1635 1312 1682 sensu
1331 1636 1481 1682 revelli
1503 1652 1587 1698 po-

304 1714 398 1762 test.
432 1712 733 1759 Tolerabilius
766 1724 908 1758 autem
946 1710 1029 1765 est,
1061 1726 1108 1758 ut
1143 1711 1263 1770 dixi,
1300 1711 1586 1775 faciliusque,

306 1805 401 1835 non
433 1786 661 1850 acquirere
680 1821 694 1844 ,
727 1802 856 1848 quam
894 1785 1090 1832 amittere
1117 1802 1129 1830 τ
1159 1785 1348 1848 ideoque
1383 1785 1588 1832 laetiores

304 1859 477 1909 videbis
489 1895 501 1916 ,
520 1874 633 1920 quos
651 1873 871 1920 nunquam
890 1856 1072 1903 fortuna
1090 1856 1301 1918 respexit,
1320 1873 1452 1919 quam
1471 1871 1587 1918 quos

305 1932 508 1979 deseruit.
536 1930 664 1977 Vidit
698 1930 786 1976 hoc
819 1930 1076 1994 Diogenes,
1106 1929 1178 1978 vir
1205 1929 1391 1992 ingentis
1419 1927 1585 1985 animi,

306 2018 351 2052 et
370 2003 514 2052 effecit
535 2019 589 2050 ne
610 2002 718 2066 quid
737 2003 813 2049 fibi
840 2002 951 2065 eripi
982 2001 1138 2065 poffet.
1172 2003 1245 2048 Tu
1263 2001 1374 2049 istud
1397 2019 1587 2064 pauper-

306 2092 439 2127 tatem
457 2114 472 2137 ,
495 2077 692 2141 inopiam
707 2113 721 2135 ‚
741 2078 973 2140 egestatem
995 2092 1112 2124 voca
1126 2112 1140 2134 ,
1163 2088 1207 2123 et
1225 2076 1348 2140 quod
1375 2077 1498 2123 voles
1518 2076 1589 2139 ig-

305 2151 606 2201 nominiosum
625 2149 841 2197 securitati
863 2165 1028 2196 nomen
1048 2148 1231 2210 impone
1251 2165 1264 2194 ε
1286 2148 1453 2210 putabo
1471 2148 1588 2195 hunc

306 2244 401 2275 non
419 2227 506 2274 effe
530 2225 701 2273 felicem
717 2260 731 2284 ,
750 2224 781 2271 fi
801 2238 932 2287 quem
959 2222 1067 2270 mihi
1091 2224 1223 2270 alium
1244 2222 1488 2277 inveneris,
1515 2222 1586 2269 cui

307 2300 415 2347 nihil
433 2314 591 2363 pereat.
606 2303 695 2345 Aut
708 2314 792 2362 ego
808 2297 957 2355 fallor,
976 2308 1047 2343 aut
1062 2313 1244 2360 regnum
1259 2294 1337 2354 est,
1356 2295 1470 2342 inter
1488 2312 1590 2344 ava-

307 2390 412 2429 ros·‚
448 2373 880 2434 circumscriptores,
916 2371 1139 2429 latrones,
1167 2368 1421 2433 plagiarios,
1450 2385 1587 2415 unum

298 2446 420 2506 effe,
433 2446 505 2495 cui
519 2446 674 2494 noceri
689 2462 778 2493 non
795 2443 938 2509 poffit.
954 2444 997 2492 Si
1015 2443 1112 2508 quis
1127 2442 1180 2490 de
1196 2442 1404 2491 felicitate
1417 2441 1589 2504 Dioge-
