1741 2919
342 139 428 186 DE
462 138 1006 198 TRANQUILLITATE
1041 138 1231 184 ANIMI.
1342 152 1437 200 249

148 245 281 294 tristis
309 257 438 309 atque
465 262 592 309 aegra
612 244 817 308 patientia
840 264 850 290 :
880 245 1031 307 utique
1051 245 1127 290 ubi
1151 242 1294 290 causas
1311 241 1436 290 fateri

148 320 313 384 pudet,
349 333 391 368 et
424 333 644 367 tormenta
674 319 889 366 introrsus
928 321 1017 382 egit
1056 319 1353 377 verecundia,
1390 318 1436 364 in

150 392 334 455 angusto
372 393 559 440 inclusae
599 391 894 455 cupiditates,
935 392 1023 439 sine
1055 392 1198 448 exitu,
1242 392 1283 438 se
1319 390 1438 453 ipsae

150 464 431 529 strangulant.
451 467 555 511 lude
576 481 757 511 moeror
778 481 1066 527 marcorque,
1088 476 1129 510 et
1150 463 1263 509 mille
1282 463 1438 509 fluetus

151 537 311 583 mentis
338 537 560 593 incertae,
589 553 719 600 quam
746 537 951 583 inchoata
985 537 1144 582 habent
1169 535 1409 598 suspensam
1427 570 1441 592 ,

155 609 380 671 deplorata
399 610 563 656 tristem
584 627 593 655 ε
622 610 724 656 inde
746 609 816 655 ille
843 609 1023 656 affessus
1047 609 1190 655 otium
1212 610 1334 654 suum
1363 609 1441 653 de·-

153 679 431 739 testantium,
458 679 821 743 querentiumque
852 681 956 726 nihil
986 679 1103 743 ipsos
1128 678 1289 726 habere
1319 679 1443 741 quod

155 763 318 815 agant,
360 766 405 800 et
439 754 587 800 alienis
624 754 904 801 incrementis
937 753 1230 800 inimiciffima
1264 752 1444 799 invidia.

153 824 246 872 Alit
265 825 385 872 enim
412 826 603 874 livorem
632 826 785 873 infelix
816 827 972 874 inertia
998 845 1009 874 :
1040 839 1083 873 et
1103 843 1258 874 omnes
1285 826 1446 872 destrui

155 898 486 963 cupiunt‚⁴quia
504 900 546 947 se
566 916 657 946 non
674 912 911 962 potuerunt
930 901 1179 964 provehere
1199 916 1210 946 :
1231 913 1275 946 et
1293 917 1348 946 ex
1365 901 1448 947 hac

155 973 315 1026 deinde
333 975 604 1021 aversatione
623 975 863 1022 alienorum
886 974 1182 1038 processuum,
1203 985 1246 1020 et
1267 972 1448 1019 suorum

156 1047 486 1109 desperatione,
508 1048 755 1094 obirascens
785 1047 991 1095 fortunae
1010 1048 1207 1102 animm,
1238 1058 1281 1092 et
1307 1047 1362 1092 de
1382 1045 1447 1093 se-

156 1119 261 1166 culo
295 1136 480 1183 querens
495 1156 507 1178 ‚
535 1134 578 1168 et
600 1121 644 1167 in
665 1123 848 1185 angulos
867 1121 909 1168 se
935 1121 1185 1174 retrahens,
1206 1133 1251 1169 et
1278 1135 1450 1184 poenae

155 1191 367 1239 incubans
400 1193 498 1239 suae
519 1229 533 1251 ,
568 1193 673 1240 dum
712 1194 855 1241 taedet
891 1194 952 1241 sui
974 1230 988 1250 ,
1025 1194 1250 1257 pigetque.
1286 1193 1451 1238 Natura

155 1265 277 1313 enim
299 1267 516 1314 humanus
536 1267 709 1314 animus
735 1268 857 1330 agilis
886 1267 947 1314 est
966 1304 979 1325 ,
1008 1283 1053 1315 et
1082 1283 1248 1329 pronus
1268 1268 1322 1314 ad
1351 1283 1452 1312 mo-

158 1348 243 1387 tus.
274 1353 394 1403 grata
413 1342 559 1388 omnis
579 1342 641 1387 illi
667 1342 887 1389 excitandi
911 1343 951 1389 se
970 1341 1333 1405 abstrahendique
1352 1359 1451 1387 ma-

159 1411 267 1458 teria
295 1412 356 1460 est
373 1449 386 1472 ,
415 1417 582 1479 gratior
608 1415 799 1478 pessimis
827 1417 1074 1481 quibusque
1098 1416 1306 1480 ingeniis,
1338 1432 1452 1480 quae

138 1488 525 1550 occupationibus
551 1491 738 1537 libenter
758 1492 1030 1539 deteruntur.
1057 1495 1120 1538 Ut
1138 1493 1282 1539 ulcera
1312 1508 1453 1556 quae-

158 1560 261 1607 dam
283 1562 505 1610 nocituras
525 1581 678 1611 manus
694 1579 908 1628 appetunt
923 1601 938 1623 ,
961 1577 1004 1612 et
1020 1566 1133 1612 taOm
1153 1567 1346 1628 gaudent
1360 1600 1373 1623 ‚
1408 1577 1454 1612 et

160 1634 340 1684 foedam
372 1653 614 1699 corporum
650 1638 837 1685 scabiem
868 1638 1074 1696 delestat,
1101 1639 1318 1703 quidquid
1348 1656 1453 1685 exa-

163 1708 307 1772 sperat
327 1729 338 1757 :
359 1728 450 1758 non
474 1712 595 1758 aliter
613 1712 801 1760 dixerim
822 1714 888 1761 his
913 1714 1133 1762 mentibus
1148 1750 1161 1771 ,
1190 1715 1234 1760 in
1254 1730 1361 1778 quas
1377 1731 1457 1761 cu-

162 1783 367 1846 piditates
389 1786 514 1833 velut
535 1786 648 1833 mala
674 1787 820 1834 ulcera
839 1802 1106 1852 eruperunt,
1126 1788 1349 1850 voluptati
1367 1787 1456 1836 effe

161 1858 361 1907 laborem
381 1861 767 1925 vexationemque.
793 1864 900 1910 Sunt
927 1864 1044 1910 enim
1066 1864 1280 1927 quaedam
1297 1900 1310 1922 ‚
1344 1880 1456 1925 quae

165 1948 332 1995 corpus
352 1950 536 1996 quoque
555 1934 752 1981 nostrum
778 1953 881 1983 cum
906 1937 1099 1999 quodam
1133 1937 1291 1983 dolore
1311 1937 1457 1983 delec-

164 2017 258 2055 tant
277 2025 288 2053 :
308 2023 355 2055 ut
373 2009 544 2056 versare
564 2008 607 2056 se
623 2045 638 2067 ,
665 2021 711 2057 et
730 2026 901 2058 mutare
920 2011 1118 2059 nondum
1136 2011 1289 2057 fess'um
1312 2011 1419 2059 latus
1438 2044 1454 2067 ,

163 2091 210 2125 et
229 2079 316 2127 alio
333 2092 466 2145 atque
484 2081 573 2128 alio
595 2083 739 2146 positu
766 2084 980 2132 ventilari.
1010 2086 1166 2145 Qualis
1186 2085 1258 2131 ille
1284 2085 1456 2131 Home-

165 2153 284 2206 ricus
304 2156 496 2216 Achilles
513 2157 574 2205 est
588 2191 602 2213 ‚
629 2160 770 2207 modo
788 2176 955 2223 pronus
968 2197 982 2218 ‚
1011 2161 1153 2209 modo
1175 2160 1350 2223 supinus
1366 2197 1380 2220 ‚
1409 2160 1458 2208 in

165 2228 315 2276 varios
348 2229 516 2284 habitus
547 2230 589 2279 se
617 2232 708 2295 ipse
740 2249 1034 2296 componens.
1067 2234 1192 2297 quod
1221 2233 1458 2296 proprium

170 2301 288 2363 aegri
318 2302 407 2361 est,
432 2304 543 2352 nihil
572 2304 650 2351 diu
678 2306 799 2369 pati,
822 2320 866 2353 et
889 2307 1209 2354 mutationibus
1238 2319 1286 2362 ut
1311 2323 1460 2356 reme-

168 2370 252 2417 diis
268 2374 345 2420 uti.
367 2376 473 2424 Inde
498 2377 871 2441 peregrinationes
895 2378 1188 2442 suscipiuntur
1214 2396 1349 2443 vagae
1364 2416 1377 2438 ,
1414 2391 1461 2427 et
1498 2409 1501 2413 -
1523 2436 1527 2441 .

163 2443 300 2499 litora
334 2461 639 2515 pererrantur,
673 2466 719 2500 et
750 2452 892 2502 modo
920 2453 1034 2504 mari
1071 2452 1146 2513 se,
1172 2453 1313 2504 modo
1344 2465 1460 2504 terra
