1741 2919
465 159 566 206 DE
618 158 751 204 IRA
804 159 939 204 LIB.
983 158 1049 204 11.
1329 173 1392 219 47

112 281 201 326 tus,
214 266 424 316 servitute
444 266 776 314 comminuitur.
797 265 971 329 assurgit
984 302 997 323 ,
1012 265 1043 310 fi
1058 264 1276 322 laudatur,
1295 276 1337 312 et
1351 264 1396 310 in

114 342 232 404 spem
261 339 319 386 sui
344 341 508 399 bonam
539 340 774 385 adducitur
798 357 807 384 :
828 339 899 385 sed
924 339 1080 385 eadem
1107 337 1183 384 ista
1209 337 1397 383 insolen-

115 413 546 461 tiametiracundiam
559 430 691 476 gener
694 423 778 459 ant.
795 411 1400 474 Sicitaqueinterutrumque

117 490 306 552 regendu
297 505 330 535 s
349 487 436 545 est,
455 499 502 534 ut
519 487 660 533 modo
679 485 837 532 fraenis
853 497 1059 543 utamur,
1081 485 1222 530 modo
1243 482 1400 529 stimu-

118 564 192 610 lis:
212 562 316 608 nihil
332 561 518 619 humile,
543 561 651 607 nihil
670 560 828 607 servile
848 560 1051 623 patiatur.
1080 560 1320 621 Nunquam
1339 556 1402 603 illi

119 638 295 685 necefl'e
305 637 352 683 fit
368 653 526 700 rogare
545 635 681 698 suppl
673 635 821 681 lciter:
852 651 936 681 nec
957 634 1092 697 profit
1109 631 1293 696 rogaffe.
1315 647 1403 694 po-

118 710 201 757 tius
222 710 370 757 causae
398 710 496 756 suae
514 745 527 767 ,
550 724 593 756 et
616 709 843 771 prioribus
863 708 983 755 factis
1000 746 1014 765 ,
1041 719 1083 754 et
1108 707 1237 753 bonis
1264 706 1308 752 in
1328 705 1408 751 ·fu-·‘

119 796 261 831 turum
280 783 500 847 promiffis
521 783 722 830 donetur.
750 785 796 828 In
824 781 1132 829 certaminibus
1157 779 1405 843 aequalium

120 873 202 903 nec
220 856 342 904 vinci
359 856 479 902 illum
502 856 738 920 patiamur,
758 871 838 902 nec
862 853 1000 901 irasci.
1020 854 1174 899 demus
1191 868 1375 915 operam
1391 888 1407 911 ‚

120 944 170 979 ut
201 931 424 978 familiaris
448 930 496 977 fit
527 931 594 977 his
618 966 632 987 ,
662 946 760 976 cum
782 928 939 991 quibus
970 926 1238 975 contendere
1268 926 1406 972 solet:

120 1016 169 1051 ut
187 1004 232 1051 in
254 1003 490 1051 certamine
518 1002 725 1049 assuescat
746 1017 838 1046 non
860 1016 1019 1047 nocere
1042 999 1179 1053 velle,
1207 997 1281 1044 sed
1303 998 1408 1045 vin-

122 1092 235 1124 cere.
264 1075 452 1136 Quoties
480 1073 773 1137 superaverit,
802 1085 847 1118 et
877 1071 1058 1134 dignum
1092 1069 1254 1134 aliquid
1283 1067 1410 1115 laude

122 1150 303 1208 fecerit,
328 1147 495 1204 attolli,
521 1163 611 1193 non
640 1145 794 1211 gestire
815 1145 1043 1208 patiamur.
1064 1143 1267 1208 gaudium
1290 1141 1409 1188 enim

121 1223 350 1271 exsultatio
368 1260 379 1280 ‚
395 1221 730 1269 exsultationem
749 1231 924 1276 tumor,
946 1230 989 1264 et
1013 1218 1148 1264 nimia
1167 1215 1410 1263 aestimatio

121 1295 184 1343 sui
204 1295 409 1360 sequitur.
429 1294 648 1341 Dabimus
679 1295 859 1358 aliquod
886 1293 1181 1339 laxamentum
1205 1308 1215 1336 ε
1237 1290 1281 1335 in
1299 1288 1410 1336 defi-

121 1368 239 1415 diam
271 1386 383 1416 vero
411 1368 645 1431 otiumque
673 1385 764 1414 non
797 1368 1099 1422 resolvemus,
1127 1376 1170 1411 et
1200 1363 1355 1426 procul
1386 1380 1410 1410 a

120 1442 330 1489 contafihi
359 1442 613 1489 deliciarum
646 1441 945 1488 retinebimus.
977 1439 1099 1486 Nihil
1132 1439 1249 1486 enim
1273 1437 1410 1502 magis

121 1514 224 1562 facit
239 1515 493 1572 iracundos,
513 1533 643 1579 quam
668 1516 870 1562 educatio
892 1516 1039 1562 mollis
1058 1526 1101 1561 et
1120 1514 1291 1560 blanda.
1306 1513 1409 1560 ideo

122 1588 262 1636 unicis
290 1605 381 1654 quo
403 1589 500 1652 plus
521 1590 798 1671 indulgetur,
824 1589 1092 1653 pupillisque
1121 1604 1215 1652 quo
1243 1587 1338 1649 plus
1358 1587 1410 1633 li-

122 1673 221 1720 cet,
247 1660 502 1725 corruptior
519 1663 689 1709 animus
702 1662 777 1710 est.
800 1664 906 1708 Non
928 1661 1092 1709 resistet
1110 1660 1317 1717 offenfis‚
1338 1658 1410 1707 cui

122 1735 231 1781 nihil
247 1751 441 1798 unquam
462 1748 664 1798 negatum
686 1735 773 1792 est,
800 1736 870 1783 cui
895 1735 1094 1782 lacrimas
1115 1733 1282 1780 solicita
1296 1733 1411 1779 iem-
1445 1727 1448 1730 ⁴

123 1823 204 1870 per
224 1821 364 1854 mater
376 1806 594 1866 absterfit,
617 1809 688 1856 cui
707 1810 760 1856 de
783 1809 1041 1873 paedagogo
1061 1806 1323 1853 satisfafihim
1339 1804 1415 1852 est.

124 1881 233 1927 Non
257 1880 407 1940 vides,
437 1896 485 1929 ut
515 1884 731 1930 maiorem
762 1898 986 1946 quamque
1014 1879 1238 1925 fortunam
1271 1878 1414 1924 maior

124 1953 187 2001 ira
202 1954 446 2002 ‘comitetur
463 1956 480 2003 ἓ
500 1959 549 2002 In
568 1955 778 2004 divitibus
797 1954 1109 2015 nobilibusque
1127 1964 1169 1998 et
1190 1950 1415 2014 magistra-

123 2028 242 2076 tibus
264 2030 498 2093 praecipue
517 2042 697 2093 apparet
711 2066 725 2089 ,
745 2030 846 2076 cum
868 2027 1086 2093 quidquid
1105 2025 1204 2073 leve
1224 2037 1265 2071 et
1285 2025 1415 2071 inane

126 2103 173 2149 in
192 2104 344 2150 animo
365 2116 486 2162 erat,
514 2104 700 2151 secunda
724 2103 765 2150 se
784 2119 885 2149 aura
905 2101 1082 2148 sustulit.
1105 2099 1299 2146 Felicitas
1329 2099 1414 2144 ira-

128 2178 334 2224 cundiam
373 2179 509 2225 nutrit
534 2214 549 2236 ,
596 2177 671 2223 ubi
707 2192 829 2223 aures
867 2175 1071 2239 superbas
1108 2173 1414 2220 assentatorum

129 2251 256 2298 turba
283 2251 580 2299 circumstetit.
602 2248 708 2296 Tibi
733 2248 851 2295 enim
876 2247 1166 2311 respondeat,
1195 2246 1301 2291 Non
1331 2259 1420 2307 pro

130 2322 299 2386 fastigio
317 2335 360 2369 te
379 2336 462 2370 tuo
483 2321 651 2370 metiris
671 2335 684 2367 t
709 2321 799 2383 ipse
820 2336 863 2367 te
887 2319 1091 2383 proiicis:
1111 2329 1154 2365 et
1178 2317 1284 2372 alia,
1312 2316 1415 2380 qui-

131 2396 214 2461 bus
240 2396 319 2443 vix
346 2396 496 2453 sanae,
527 2409 571 2443 et
604 2396 658 2441 ab
697 2394 827 2440 initio
861 2393 972 2440 bene
1005 2391 1217 2445 fundatae,
1249 2401 1419 2436 mentes

134 2470 378 2518 restiterint.
399 2473 550 2533 Longe
577 2470 724 2531 itaque
747 2467 801 2513 ab
822 2464 1109 2513 assentatione
1132 2462 1318 2527 pueritia
1348 2478 1415 2509 re-
