1741 2919
328 176 838 225 CONSOLATIO
885 177 986 223 AD
1027 176 1246 224 HELV.
1353 191 1437 238 131

152 296 199 334 et
216 284 263 332 in
285 285 591 333 solitudinibus
611 284 857 348 asperrimis
872 317 886 341 ,
908 302 1008 331 cum
1035 296 1246 348 quantum
1271 283 1367 330 satis
1384 282 1448 330 est

152 358 409 407 sustinendo
430 359 639 422 corpori,
667 359 863 419 invenit,
883 358 975 422 ipse
994 358 1124 405 bonis
1152 357 1238 405 suis
1257 358 1449 405 abundat

153 444 200 480 et
227 432 401 480 fruitur.
437 432 628 480 Pecunia
660 432 769 479 nihil
792 433 846 479 ad
877 434 1072 479 animum
1105 433 1326 496 pertinet,
1357 449 1451 482 non

155 504 321 569 magis,
353 520 484 569 quam
512 505 566 550 ad
592 504 699 551 deos
726 504 1000 552 immortales
1021 505 1173 552 omnia
1198 504 1305 561 ista,
1338 521 1453 569 quae

156 577 363 642 imperita
385 579 560 643 ingenia
579 614 591 636 ,
617 589 661 625 et
691 577 821 625 nimis
847 580 1118 642 corporibus
1141 579 1224 627 suis
1248 579 1418 627 aldina
1435 615 1454 639 ‚

158 653 409 716 suspiciunt.
446 652 654 716 Lapides,
685 669 841 700 aurum
871 665 916 701 et
942 667 1200 718 argentum,
1231 668 1277 701 et
1304 655 1454 718 magni

155 725 402 789 laevatique
428 724 676 772 mensarum
703 726 863 783 orbes,
900 739 1072 774 terrena
1097 727 1195 774 sunt
1224 728 1422 791 pondera
1441 745 1457 775 ε

158 814 273 859 quae
301 815 394 845 non
419 797 564 861 potest
591 815 736 847 amare
762 800 951 848 sincerus
975 801 1176 859 animus,
1200 817 1252 847 ac
1276 812 1458 849 naturae

159 868 260 917 suae
280 888 480 926 memor-3
515 872 624 919 levis
650 872 766 936 ipse,
794 887 838 921 et
866 874 1084 930 exsertus,
1112 886 1156 920 et
1184 874 1458 939 quandoque

159 943 334 992 emissus
350 945 507 1000 fuerit,
529 946 584 992 ad
600 945 768 992 summa
790 947 1066 995 emicaturus.
1082 947 1260 995 interim
1276 984 1290 1007 ,
1314 965 1460 1012 quan-

162 1026 260 1062 tum
289 1033 367 1080 per
397 1034 546 1065 moras
571 1020 907 1076 membrorum,
935 1033 979 1066 et
1008 1020 1120 1068 hanc
1147 1021 1462 1069 circumfusam

162 1105 345 1153 gravem
372 1090 585 1138 sarcinam
612 1091 741 1148 licet,
770 1092 898 1139 celeri
925 1105 967 1138 et
987 1093 1164 1141 volucri
1191 1093 1464 1158 cogitatione

164 1163 319 1210 divina
350 1164 592 1228 perlustrat.
619 1166 814 1229 Ideoque
843 1183 929 1214 nec.
945 1165 1141 1213 exsulare
1162 1184 1357 1230 unquam
1379 1184 1464 1231 pon

165 1235 246 1283 test
266 1237 405 1296 liber,
436 1253 479 1285 et
505 1238 587 1285 diis
608 1252 851 1303 cognatus,
885 1251 927 1285 et
958 1239 1083 1285 omni
1110 1241 1282 1286 mundo
1312 1240 1466 1288 omni-

165 1327 256 1373 que
279 1328 396 1361 aevo
418 1330 512 1376 par.
543 1312 659 1359 Nam
686 1313 899 1377 cogitatio
925 1313 1018 1360 eius
1043 1313 1159 1361 circa
1188 1330 1325 1362 omne
1356 1330 1468 1362 coe-

168 1384 292 1444 lum,
326 1401 371 1434 et
398 1386 445 1433 in
472 1403 610 1434 omne
643 1387 929 1451 praeteritum
968 1386 1257 1451 futurumque
1293 1400 1469 1452 tempus

167 1457 434 1507 immittitur.
465 1460 794 1524 Corpusculum
816 1461 904 1508 hoc
918 1497 932 1519 ‚
958 1460 1155 1508 custodia
1176 1474 1220 1508 et
1237 1462 1471 1509 vinculum

170 1533 333 1593 animi,
358 1534 445 1582 huc
465 1546 596 1597 atque
624 1533 729 1582 illuc
751 1534 955 1581 iasiatur:
978 1534 1023 1580 in
1044 1535 1135 1582 hoc
1162 1534 1396 1599 supplicia,
1416 1535 1472 1582 in

172 1608 263 1668 hoc
283 1608 540 1667 latrocinia,
560 1608 605 1654 in
620 1609 709 1656 hoc
726 1609 874 1655 morbi
892 1621 1165 1656 exercentur.
1184 1610 1353 1657 animus
1373 1609 1473 1674 qui-

174 1683 279 1731 dem
311 1683 401 1747 ipse
426 1684 544 1732 sacer
576 1695 622 1731 et
657 1696 858 1731 aeternus
881 1682 971 1743 est,
997 1699 1043 1731 et
1073 1684 1145 1731 cui
1175 1700 1269 1732 non
1294 1684 1474 1749 poss'unt

174 1755 298 1803 iniici
321 1773 488 1805 manus.

242 1830 346 1876 XII.
370 1830 469 1877 Nec
489 1848 560 1879 me
586 1841 711 1894 putes
731 1830 785 1878 ad
815 1830 1029 1880 elevanda
1053 1829 1345 1879 incommoda
1365 1849 1477 1897 pau⁶

179 1902 383 1967 penatis,
404 1919 537 1966 quam
559 1920 693 1951 nemo
708 1920 890 1967 gravem
907 1903 1032 1951 sentit
1050 1903 1130 1950 nisi
1150 1904 1224 1968 qui
1245 1916 1391 1967 putat,
1413 1904 1481 1952 uti

178 1989 347 2026 tantum
363 1978 607 2041 praeceptis
626 1977 885 2041 sapientum.
901 1976 1098 2023 Primum
1119 1977 1285 2041 aspice,
1308 1991 1481 2041 quanto

180 2051 326 2099 maior
345 2068 446 2115 pars
464 2052 514 2098 sit
535 2066 803 2114 pauperum,
825 2067 942 2114 quos
961 2052 1101 2098 nihilo
1122 2051 1294 2099 notabis
1314 2051 1480 2100 tristi0-=

179 2142 250 2174 res
270 2124 621 2189 solicitioresque
640 2124 853 2172 divitibus
872 2144 882 2173 ;
911 2125 1054 2172 immo
1073 2125 1221 2173 nescio
1241 2143 1295 2171 an
1315 2143 1371 2173 eo
1392 2127 1482 2175 lae·

180 2198 315 2246 tiores
334 2199 414 2247 sint
429 2235 442 2259 ,
467 2216 560 2265 quo
588 2199 759 2247 animus
779 2215 935 2246 eorum
958 2199 1002 2245 in
1026 2199 1238 2262 pauciora
1261 2198 1482 2262 distringi⁴

181 2282 270 2319 tur.
288 2272 578 2320 Transeamus
594 2289 618 2319 a
635 2273 927 2336 pauperibus:
950 2274 1181 2319 veniamus
1200 2274 1254 2319 ad
1274 2274 1485 2335 locuple-

184 2357 263 2393 tes.
290 2363 424 2410 quam
459 2348 594 2395 multa
626 2347 724 2394 sunt
758 2360 997 2410 tempora,
1024 2347 1185 2411 quibus
1222 2347 1487 2410 pauperibus

185 2416 346 2465 similes
372 2417 501 2466 sunt?
534 2419 835 2466 Circumcisae
869 2421 963 2465 sunt
991 2420 1363 2484 peregrinantium
1397 2419 1486 2467 sar-

186 2490 312 2541 cinae
333 2509 345 2540 :
364 2505 410 2540 et
436 2492 792 2558 quotiescunque
812 2493 1391 2606 festinationemlneceffitas
1411 2494 1488 2549 iti*⁴

1199 2576 1226 2606 α,
