1741 2919
301 153 394 203 252
561 141 943 188 L.ANNAE1
991 145 1330 193 SENECAE

297 245 506 292 dextrum
527 247 792 312 laevumque
815 249 1015 299 defendit
1034 271 1045 299 :
1069 254 1141 300 sed
1163 269 1206 302 et
1227 255 1302 318 qui
1326 267 1475 318 portas
1494 266 1590 304 tue-

296 329 397 378 tur,
427 333 470 367 et
495 320 678 371 statione
698 324 841 370 minus
868 326 1139 387 periculosa,
1170 345 1262 374 non
1281 330 1423 376 otiosa
1441 343 1587 376 tamen

294 390 522 456 fungitur,
549 396 807 460 vigiliasque
830 402 997 455 servat,
1027 412 1072 446 et
1100 402 1439 449 armamentario
1466 417 1606 465 prae-¹

293 464 368 512 est.
386 476 496 530 quae
514 468 749 516 ministeria
769 475 972 536 quamvis
988 475 1217 522 incruenta
1241 475 1345 534 sint,
1366 476 1411 521 in
1431 492 1586 522 nume-

291 558 392 589 rum
415 544 733 608 stipendiorum
757 551 950 598 veniunt.
975 552 1017 595 Si
1038 565 1081 597 te
1104 550 1159 596 ad
1179 549 1315 596 studia
1333 565 1584 599 revocave÷

292 616 378 673 ris,
396 634 531 667 omne
553 622 668 668 vitae
692 622 909 670 fastidium
930 624 1132 688 effugeris
1151 643 1160 671 :
1184 641 1264 671 nec
1290 624 1466 670 noaem
1487 620 1589 680 fieri,

290 692 463 754 optabis
493 695 642 741 taedio
671 696 806 755 lucis,
840 715 923 745 nec
954 699 1035 746 tibi
1060 699 1203 762 gravis
1229 698 1312 744 eris
1332 733 1345 755 ,
1377 713 1457 743 nec
1488 695 1593 747 aliis

287 762 586 826 supervacuus
609 785 619 814 :
644 770 805 817 multos
833 771 877 816 in
904 771 1141 818 amicitiam
1173 771 1386 828 attrahes,
1416 767 1585 814 affluet-

290 853 378 900 que
396 838 450 885 ad
474 855 517 886 te
538 839 733 903 optimus
751 843 949 907 quisque.
977 845 1216 907 Nunquam
1237 842 1353 890 enim
1381 840 1585 905 quamvis

288 910 474 959 obscura
496 913 636 961 virtus
653 916 754 963 latet
770 952 782 974 ‚
805 918 874 964 sed
896 919 1029 966 mittit
1043 918 1105 965 sui
1125 918 1254 980 signa.
1272 915 1467 980 quisquis
1487 916 1586 979 dig-

289 1002 370 1032 nus
401 986 566 1043 fuerit,
592 989 788 1054 vestigiis
819 992 935 1038 illam
968 993 1158 1056 colliget.
1195 993 1311 1037 Nam
1344 990 1375 1036 si
1402 1007 1583 1038 omnem

287 1061 672 1110 conversationem
710 1065 934 1123 tollimus,
954 1078 997 1112 et
1021 1065 1170 1130 generi
1199 1066 1394 1110 humano
1421 1080 1586 1117 renim*

288 1130 449 1179 tianius
463 1168 476 1191 ,
512 1133 795 1200 vivimusque
815 1138 858 1184 in
880 1155 960 1185 nos
979 1151 1147 1184 tantum
1168 1135 1369 1184 conversi
1388 1152 1401 1191 ;
1431 1134 1606 1199 seque-

287 1216 361 1250 tur
385 1205 496 1253 hanc
517 1207 798 1256 solitudinem
815 1247 827 1269 ‚
849 1213 975 1258 omni
996 1211 1139 1259 studio
1158 1222 1377 1258 carentem
1393 1244 1406 1264 ‚
1432 1208 1582 1271 inopia

287 1294 437 1326 rerum
469 1284 752 1345 agendarum.
777 1286 1044 1348 Incipiemus
1068 1285 1265 1333 aedificia
1284 1284 1363 1330 alia
1390 1300 1585 1346 ponere,

285 1352 368 1398 alia
388 1353 640 1402 subvertere
653 1393 665 1412 ,
683 1370 727 1403 et
749 1376 868 1406 mare
891 1360 1157 1407 submovere
1172 1394 1185 1414 ,
1215 1370 1259 1405 et
1277 1372 1410 1418 aquas
1428 1369 1585 1402 contra

287 1427 564 1475 difficultates
585 1430 790 1478 locorum
811 1434 971 1479 ducere
985 1470 998 1490 ,
1017 1446 1059 1479 et
1079 1434 1191 1479 male
1208 1429 1449 1494 dispensare
1466 1445 1582 1476 tem-

285 1517 368 1562 pus
380 1538 391 1558 ,
407 1503 531 1565 quod
549 1504 679 1550 nobis
699 1520 850 1552 natura
869 1506 1219 1553 consumendum
1236 1503 1367 1551 dedit.
1387 1503 1472 1548 Alii
1488 1521 1583 1566 par-

285 1590 338 1621 ce
355 1575 434 1621 illo
456 1576 625 1623 utimur
643 1610 658 1632 ‚
679 1578 750 1623 alii
773 1580 957 1642 prodige
979 1598 990 1626 :
1018 1580 1088 1626 alii
1107 1578 1164 1626 sic
1190 1579 1512 1641 impendimuS,
1533 1587 1601 1626 utv

286 1648 500 1710 poffimus
529 1651 746 1698 rationem
768 1653 953 1701 reddere
974 1672 984 1699 z
1006 1653 1103 1709 alii,
1122 1668 1170 1699 ut
1190 1653 1326 1699 nullas
1344 1653 1582 1700 habeamus

281 1718 497 1782 reliquias.
544 1722 693 1782 Quare
707 1725 813 1770 nihil
831 1726 1000 1787 turpius
1019 1724 1079 1772 est
1094 1762 1107 1783 ‚
1127 1742 1259 1789 quam
1278 1725 1452 1789 grandis
1475 1738 1582 1771 natu

282 1791 416 1840 senex
433 1830 448 1852 ,
490 1796 567 1857 qui
588 1797 752 1843 nullum
770 1798 887 1843 aliud
905 1797 1037 1844 habet
1058 1810 1361 1862 argumentum
1376 1833 1394 1855 ,
1417 1814 1507 1861 quo
1535 1796 1579 1846 se

281 1869 447 1930 probet
466 1870 544 1917 diu
563 1871 747 1929 vixisse,
777 1887 949 1934 praeter
971 1884 1171 1919 aetatem.
1204 1871 1344 1929 Mihi,
1365 1870 1579 1918 cariffime

281 1943 466 2002 Serene,
487 1945 618 1992 nimis
646 1946 823 1994 videtur
840 1946 1072 1994 submisisse
1091 1938 1364 2009 temporibus
1382 1945 1424 1991 se
1439 1945 1579 1992 Athe-

282 2018 485 2066 nodorus
498 2055 512 2077 ‚
524 2020 655 2068 nimis
673 2021 766 2069 cito
777 2021 995 2085 refugisse.
1014 2024 1110 2071 Nec
1127 2038 1212 2087 ego
1229 2019 1483 2084 negaverim
1508 2019 1579 2065 ali-

282 2091 467 2153 quando
494 2094 767 2142 cedendum:
789 2096 863 2143 sed
879 2096 1032 2143 senfim
1049 2098 1188 2144 relato
1205 2096 1365 2161 gradu,
1389 2104 1431 2140 et
1451 2093 1580 2143 salvis

283 2162 414 2226 {ignis
427 2200 441 2223 ‚
462 2165 578 2214 salva
597 2167 774 2215 militari
793 2169 1016 2233 dignitate.
1039 2170 1287 2217 Sanffiores
1298 2168 1577 2230 tutioresque

283 2231 380 2281 sunt
391 2235 588 2285 hostibus
607 2238 706 2297 suis,
718 2238 794 2303 qui
808 2240 854 2286 in
865 2238 998 2286 fidem
1012 2257 1111 2287 cum
1121 2239 1252 2288 armis
1263 2240 1461 2289 veniunt.
1473 2239 1578 2288 Hoc

281 2321 396 2368 puto
414 2308 571 2357 virtuti
587 2310 861 2371 faciendum,
882 2311 1167 2377 studiosoque
1188 2312 1374 2361 virtutis.
1395 2312 1425 2360 fi
1446 2329 1576 2376 prae-

283 2378 450 2428 valebit
474 2382 677 2440 fortuna,
699 2398 742 2433 et
759 2387 983 2449 praecidet
1006 2388 1163 2451 agendi
1183 2386 1460 2442 facultatem3
1479 2401 1572 2432 non

283 2449 426 2501 statim
455 2455 628 2506 aversus
649 2457 915 2525 inermisque
946 2459 1114 2526 fugiat,
1131 2459 1318 2511 latebras
1335 2475 1574 2526 quaerens,
