1741 2919
475 141 752 208 DEIRA
808 161 947 206 ΗΒ,
1002 160 1107 206 111.
1382 174 1452 222 93*

219 267 414 316 XXVII.
449 268 557 316 Noli
589 267 813 314 aestimare
840 267 956 312 hanc
997 264 1184 324 horam,
1218 278 1294 313 aut
1328 264 1446 313 hunc

154 342 274 389 diem
301 355 481 397 ;totum
514 339 680 403 inspice
713 340 871 386 mentis
901 354 1000 386 tuae
1038 338 1252 385 habitum.
1280 337 1445 385 etiamsi

151 415 263 462 nihil
295 417 399 463 mali
429 414 596 473 fecisti,
623 424 752 476 potes
780 412 941 460 facere.
974 414 1157 473 Quanto
1188 411 1315 459 satius
1349 411 1409 459 est
1427 445 1445 469 ‚

150 487 289 536 sanari
309 488 510 535 iniuriam
530 523 547 544 ‚
570 504 703 550 quam
726 486 910 533 ulcisci?
933 486 1124 531 Multum
1147 485 1362 548 temporis
1379 485 1445 532 ul-

149 560 216 606 tio
233 561 432 608 absumit.
452 560 601 607 multis
621 560 663 607 se
689 559 860 607 iniuriis
873 559 1056 615 obiicit,
1079 560 1186 606 dum
1207 576 1292 605 una
1310 559 1446 608 dolet.

150 631 333 680 Diutius
365 632 591 681 irascimur
621 648 779 679 omnes
806 668 819 690 ‚
851 648 987 695 quam
1018 631 1246 677 laedimur.
1276 642 1446 696 quanto

149 705 307 753 melius
325 704 387 752 est
401 742 415 764 ‚
437 705 558 753 abire
584 705 629 752 in
649 705 872 754 diversum
892 741 906 765 ‚
928 722 1012 753 nec
1037 705 1147 754 vitia
1173 704 1292 752 vitiis
1320 720 1446 752 com-

149 778 347 842 ponere?
371 779 491 825 Num
510 779 609 842 quis
629 777 725 825 satis
748 777 948 825 constare
963 777 1040 831 sibi
1059 778 1281 836 videatur,
1300 777 1331 823 fi
1349 795 1445 824 mu-

146 853 238 912 lam
258 852 448 899 calcibus
469 863 658 915 repetat,
692 863 735 898 et
760 867 913 898 canem
936 850 1120 898 morsu?
1147 851 1254 910 Ista,
1274 851 1445 915 inquis,

147 941 335 988 peccare
374 925 416 972 se
458 924 667 971 nesciunt.
704 924 902 970 Primum
921 959 935 982 ,
971 940 1102 987 quam
1137 923 1311 989 iniquus
1342 923 1404 972 est
1429 958 1446 979 ,

146 996 268 1059 apud
288 1014 420 1059 quem
445 997 675 1043 hominem
701 997 786 1046 effe
803 1034 816 1057 ‚
844 998 898 1044 ad
927 996 1245 1060 impetrandam
1267 997 1445 1047 veniam

144 1075 312 1118 nocet?
333 1070 520 1127 deinde,
539 1069 572 1116 fi
597 1082 743 1118 cetera
765 1070 967 1117 animalia
984 1070 1074 1118 irae
1095 1083 1198 1118 tuae
1217 1070 1446 1129 subducit,

144 1146 271 1208 quod
291 1146 477 1193 consilio
503 1160 654 1195 carent
674 1165 685 1194 τ
709 1165 766 1195 eo
791 1147 896 1194 loco
915 1146 996 1193 tibi
1019 1146 1095 1205 fit,
1119 1146 1317 1210 quisquis
1336 1159 1445 1193 cona

145 1217 243 1265 silio
263 1231 395 1265 caret.
413 1219 537 1279 Quid
557 1219 673 1266 enim
694 1219 827 1266 refert
842 1254 856 1277 ‚
880 1236 934 1265 an
956 1218 1037 1265 alia
1062 1218 1197 1265 mutis
1218 1217 1439 1264 diffimilia

144 1290 302 1337 habeat
316 1327 330 1351 ,
346 1289 378 1337 si
396 1292 486 1339 hoc
508 1293 631 1357 quod
650 1292 696 1339 in
714 1293 844 1353 omni
872 1302 1058 1356 peccato
1077 1303 1198 1339 muta
1219 1290 1445 1349 defendit,

144 1364 282 1411 {imile
309 1365 466 1424 habet,
493 1367 722 1431 caliginem
743 1367 904 1415 mentis
926 1366 944 1414 ἒ
975 1366 1197 1415 Peccavit.
1219 1366 1307 1414 hoc
1324 1366 1445 1412 enim

143 1436 337 1501 primum
354 1474 368 1497 ,
389 1438 479 1485 hoc
496 1439 616 1486 enim
637 1454 900 1487 extremum.
919 1442 1027 1487 Non
1047 1439 1108 1488 est
1125 1441 1249 1504 quod
1268 1438 1329 1485 illi
1349 1456 1445 1487 cre-

143 1511 248 1568 das,
276 1512 407 1559 etiam
430 1512 458 1558 fi
480 1513 590 1561 dixit
610 1531 620 1561 :
643 1516 804 1561 Iterum
832 1530 924 1559 non
954 1513 1128 1560 faciam.
1160 1515 1214 1560 Et
1238 1511 1315 1560 iste
1334 1530 1444 1576 pec·-

142 1586 289 1643 cabit,
315 1598 358 1633 et
383 1586 429 1632 in
463 1586 590 1634 istum
623 1587 768 1644 alius;
801 1600 845 1634 et
874 1598 968 1635 tota
996 1586 1088 1635 vita
1121 1586 1235 1633 inter
1269 1602 1445 1634 errores

143 1659 437 1707 volutabitur.
471 1661 696 1709 Mansuete
740 1661 1025 1708 immansueta
1066 1660 1289 1709 traEtanda
1331 1659 1444 1707 sunt.

143 1733 284 1793 Quod
307 1734 352 1780 in
374 1733 490 1781 luctu
518 1735 605 1782 dici
627 1734 737 1781 solet
752 1769 766 1793 ‚
795 1735 1089 1783 efficaciffime
1108 1746 1151 1781 et
1173 1734 1219 1780 in
1237 1733 1299 1780 ira
1319 1734 1443 1780 dice-

144 1818 217 1853 tur
237 1824 248 1853 ε
268 1810 428 1855 Utrum
460 1809 696 1872 aliquando
727 1810 894 1857 defines
910 1848 923 1867 ‚
948 1828 1003 1857 an
1024 1813 1284 1873 nunquam?
1312 1808 1342 1854 fi
1365 1809 1443 1855 ali·

143 1882 327 1944 quando
342 1918 355 1940 ‚
376 1897 547 1946 quanto
570 1881 700 1929 satius
723 1882 784 1929 est
803 1883 913 1930 iram
934 1884 1207 1946 relinquere,
1234 1899 1367 1945 quam
1387 1882 1443 1928 ab

145 1952 210 2002 ira
229 1955 444 2020 relinqui?
460 1958 535 2002 Sin
554 1957 722 2018 semper
743 1958 849 2003 haec
866 1958 1078 2021 cogitatio
1098 1958 1296 2014 durabi13
1315 1958 1444 2007 vides

143 2045 278 2092 quam
307 2030 572 2093 'impacatam
601 2032 681 2078 tibi
712 2032 943 2081 denunties
974 2034 1128 2083 vitam.
1151 2033 1290 2096 qualis
1321 2032 1443 2080 enim

144 2100 228 2148 erit
260 2102 431 2166 semper
459 2106 704 2153 tumentis?

213 2176 425 2223 XXV111.
448 2178 602 2225 Adiice
634 2195 749 2224 nunc
764 2214 777 2235 ‚
806 2178 929 2242 quod
948 2177 1025 2223 nisi
1046 2178 1156 2224 bene
1176 2189 1218 2223 te
1236 2175 1325 2238 ipse
1349 2175 1461 2238 suc<N

146 2249 347 2297 cenderis
361 2286 374 2308 ,
396 2267 441 2298 et
461 2252 644 2299 subinde
672 2253 817 2300 causas
837 2252 995 2315 quibus
1022 2250 1279 2308 stimuleris,
1300 2267 1440 2297 reno-

145 2321 346 2380 vaveris,
365 2323 437 2370 sua
457 2325 613 2387 sponte
632 2326 694 2371 ira
715 2326 932 2382 discedet,
952 2338 993 2371 et
1011 2325 1128 2370 vires
1150 2324 1211 2370 illi
1233 2324 1326 2371 dies
1341 2324 1441 2371 sub<-

145 2393 303 2441 trahet.
322 2410 490 2458 quanto
516 2397 645 2444 satius
665 2397 727 2443 est
754 2414 777 2441 a
800 2411 842 2444 te
866 2399 983 2444 illam
1004 2398 1149 2455 vinci,
1169 2414 1302 2461 quam
1323 2414 1346 2443 a
1365 2398 1437 2445 se?

144 2468 260 2519 Huic
290 2469 510 2530 irasceriS,
540 2472 703 2521 deinde
728 2472 818 2522 illi:
854 2473 1019 2535 serviS‚
1052 2472 1210 2521 deinde
1239 2471 1405 2521 libertis
1423 2485 1438 2516 ;
