1741 2919
310 151 401 207 245
556 152 604 196 L.
659 149 952 196 ANNAEI
996 148 1354 195 SENECAE

308 259 378 304 Ne
397 256 561 321 singula
582 256 742 305 diutius
767 256 1020 321 persequar,
1046 256 1091 303 in
1110 256 1318 303 omnibus
1338 256 1465 303 rebus
1484 256 1592 303 baec

307 348 380 377 me
407 331 601 393 sequitur
634 331 776 378 bonae
801 331 958 379 mentis
985 330 1242 378 infirmitas:
1267 330 1339 378 cui
1367 330 1594 393 nepaula·

304 406 384 454 tim
412 406 604 454 defluam
626 423 812 464 vereor,
832 418 907 454 aut
926 408 1048 471 quod
1069 406 1128 453 est
1145 405 1380 460 solicitius,
1406 422 1460 451 ne
1482 405 1592 452 sem-

305 497 385 542 per
403 479 556 527 casuro
575 479 721 526 similis
743 480 956 542 pendeam
969 516 981 537 ‚
1002 492 1044 527 et
1062 480 1155 542 plus
1176 478 1353 525 fortaffe
1374 478 1439 533 sit,
1458 494 1591 541 quam

305 555 429 610 quod
453 553 543 616 ipse
562 555 798 616 provideo,
823 554 1109 601 Familiariter
1138 553 1254 601 enim
1277 553 1514 600 domestica
1543 569 1591 598 a·

305 627 535 690 spicimus,
565 638 607 672 et
629 627 800 689 semper
825 625 992 689 iudicio
1013 626 1143 673 favor
1165 626 1318 674 officit.
1340 629 1451 673 Puto
1479 624 1590 670 mul-

303 712 373 747 tos
401 699 590 762 potuisse
621 699 674 745 ad
702 698 954 762 sapientiam
981 700 1211 761 pervenire
1232 732 1245 755 ‚
1272 699 1345 745 nisi
1377 698 1592 761 putassent

303 773 344 821 s?
363 772 637 837 pervenisse:
661 770 739 819 nisi
759 771 973 835 quaedam
992 770 1036 816 in
1058 769 1098 817 se
1120 770 1454 817 diffiniulaffent.
1483 772 1589 816 Non

304 846 364 892 est
394 845 511 892 enim
540 844 663 906 quod
698 859 782 889 nos
816 842 954 904 magis
985 841 1124 887 aliena
1152 841 1315 888 iudices
1342 841 1590 888 adulatione

304 917 475 980 perire,
504 933 634 980 quam
665 914 823 962 nostra.
864 914 976 974 Quis
1007 913 1080 959 fibi
1109 931 1264 960 verum
1291 914 1436 961 dicere
1465 913 1591 961 ausus

305 990 398 1038 est?
429 990 526 1054 quis
546 1006 637 1036 non
659 989 771 1035 inter
788 987 1054 1034 laudantium
1083 987 1486 1051 blandientiumque
1508 1003 1591 1050 po-

302 1063 402 1109 situs
423 1078 597 1125 greges,
615 1061 855 1124 plurimum
872 1075 1020 1107 tamen
1041 1057 1117 1104 sibi
1138 1059 1228 1122 ipse
1249 1059 1477 1106 assentatus
1495 1056 1588 1104 est?

303 1136 438 1197 Rogo
468 1135 644 1198 itaque,
672 1133 701 1179 si
728 1133 1016 1202 quod-habes
1046 1132 1285 1179 remedium
1303 1167 1316 1190 ,
1349 1148 1440 1194 quo
1473 1131 1589 1177 hanc

303 1208 642 1255 fluctuationem
672 1224 816 1254 meam
848 1206 986 1263 listas,
1018 1206 1200 1268 dignum
1231 1216 1355 1266 putes
1385 1221 1483 1258 me,
1512 1202 1588 1267 qui

300 1283 380 1330 tibi
418 1282 771 1344 tranquillitatem
809 1280 1004 1326 debeam.
1059 1281 1165 1325 Non
1200 1277 1283 1324 effe
1319 1277 1587 1340 periculosos

302 1369 449 1403 motus
474 1354 638 1413 animi,
665 1371 747 1401 nec
779 1353 1019 1416 quidquam
1046 1350 1302 1398 tumultuosi
1330 1349 1587 1406 afferentes,

300 1429 407 1476 scio.
437 1441 484 1476 ut
510 1446 614 1476 vera
640 1429 721 1476 tibi
754 1426 1032 1474 similitudine
1058 1426 1103 1472 id
1124 1426 1178 1472 de
1198 1442 1291 1488 quo
1315 1442 1479 1490 queror
1508 1442 1587 1472 ex-

300 1502 487 1564 primam
508 1534 521 1557 ,
554 1518 644 1548 non
676 1500 929 1563 tempestate
960 1517 1133 1558 vexor,
1170 1500 1241 1547 sed
1271 1501 1438 1547 nausea.
1485 1501 1584 1546 De-

300 1577 423 1623 trahe
441 1593 547 1640 ergo
566 1575 782 1640 quidquid
803 1575 888 1621 hoc
909 1575 968 1622 est
988 1574 1107 1632 mali,
1122 1590 1165 1622 et
1187 1573 1388 1640 succurre
1406 1574 1452 1620 in
1473 1589 1585 1621 con-

298 1650 446 1714 spe-&u
473 1662 687 1697 terrarum
706 1649 938 1697 laboranti.

364 1725 414 1769 11.
435 1726 619 1783 Quaero
644 1724 895 1770 mehercule
916 1723 1167 1769 iamdudum
1186 1758 1198 1778 ‚
1216 1723 1391 1776 Serene,
1408 1720 1501 1783 ,ipse
1520 1732 1585 1767 ta-

296 1794 430 1853 citus,
459 1795 528 1842 cui
552 1796 682 1842 talem
711 1796 916 1842 affectum
939 1797 1071 1842 animi
1099 1796 1279 1842 fimilem
1313 1807 1480 1856 putem.
1499 1811 1583 1842 nec

299 1869 372 1915 ulli
407 1869 893 1932 propiusfadmoverim
914 1870 1149 1933 exemplo,
1171 1885 1301 1932 quam
1328 1884 1483 1914 eorum
1507 1867 1583 1931 qui

297 1960 352 1989 ex
371 1944 501 2006 longa
527 1954 569 1989 et
594 1943 717 2004 gravi
745 1943 997 1990 valetudine
1021 1942 1246 2006 expliciti,
1272 1941 1585 2000 motiunculis,

296 2015 556 2077 levibusque
592 2014 768 2062 interim
799 2014 975 2062 offensis
1006 2016 1380 2079 perstringuntur,
1402 2027 1446 2060 et
1479 2031 1582 2062 cum

295 2088 494 2149 reliquias
520 2086 776 2150 effugerint,
812 2087 1129 2149 suspicionibus
1157 2101 1302 2135 tamen
1330 2086 1579 2150 inquietan-

294 2174 386 2218 tur,
409 2160 678 2224 medicisque
706 2161 792 2206 iam
815 2160 902 2206 sani
928 2176 1105 2206 manum
1128 2160 1392 2223 porrigunt,
1414 2174 1458 2206 et
1476 2175 1578 2205 om-

294 2251 394 2280 nem
431 2233 622 2280 calorem
654 2234 858 2296 corporis
888 2232 950 2279 sui
988 2232 1322 2280 calumniantur.
1375 2234 1580 2290 Horum,

293 2308 450 2353 Serene
469 2343 483 2363 ‚
513 2324 603 2353 non
634 2324 788 2369 parum
821 2307 971 2352 sanum
1000 2307 1063 2354 est
1095 2322 1284 2369 corpus,
1312 2305 1386 2353 sed
1414 2304 1578 2352 sanitati

293 2396 448 2442 parum
471 2380 654 2429 affuevit
673 2399 682 2427 ι
703 2380 810 2427 ficut
840 2379 902 2426 est
923 2380 1102 2443 quidam
1122 2392 1290 2426 tremor
1309 2380 1441 2427 etiam
1463 2391 1577 2425 tran-

293 2453 419 2517 quilli
451 2454 606 2516 maris,
637 2467 709 2502 aut
734 2455 883 2514 lacus,
908 2472 1010 2504 cum
1034 2470 1090 2502 ex
1120 2453 1374 2518 tempestate
1402 2452 1579 2516 requie-⁴
