1741 2919
330 182 424 232 228
576 186 626 232 L.
677 184 980 231 ANNAEI
1028 185 1370 234 SENECAE

327 292 489 358 Reguli
505 291 637 350 nasci,
657 309 787 356 quam
804 293 1082 344 Maecenates
1099 295 1249 342 velint.
1263 299 1348 342 Aut
1365 294 1395 341 fi
1407 295 1500 361 quis
1518 297 1609 345 fue-⁴

325 370 407 425 rit,
431 367 508 430 qui
528 366 686 413 audeat
702 366 848 414 dicere
863 402 877 425 ‚
897 369 1198 415 Maecenatem
1221 368 1263 416 se
1290 386 1424 433 quam
1457 371 1608 434 Regu-

325 442 419 488 lum
440 438 556 486 nasci
576 438 772 486 maluiss‘e
795 457 806 486 ε
831 439 948 486 idem
977 439 1053 486 iste
1068 476 1082 498 ‚
1106 452 1244 487 taceat
1270 440 1373 488 licet
1391 477 1405 499 ‚
1432 442 1546 489 nasci
1563 442 1608 490 se

322 513 577 560 Terentiam
597 511 763 558 maluit.
789 511 906 560 Male
926 514 1156 560 tractatum
1180 516 1403 559 Socratem
1423 514 1604 573 iudicas,

321 587 449 652 quod
484 586 604 633 illam
635 584 865 648 potionem
896 588 1074 648 publice
1103 588 1282 634 mixtam
1302 620 1315 643 ,
1353 605 1447 634 non
1478 588 1606 636 aliter

319 678 454 725 quam
483 659 856 706 medicamentum
887 660 1225 709 immortalitatis
1251 663 1463 720 obduxit,
1483 675 1526 710 et
1550 664 1606 710 de

322 750 467 781 morte
489 734 727 797 disputavit
740 750 879 797 usque
897 735 949 780 ad
974 733 1139 798 ipsam?
1161 737 1275 784 male
1297 755 1410 785 cum-
1424 738 1504 785 illo
1527 755 1603 786 ac-

318 804 411 856 tum
427 807 510 865 est,
528 808 652 871 quod
666 808 831 871 gelatus
848 808 908 855 est
926 808 1096 871 sanguis
1109 844 1122 866 ‚
1148 826 1199 858 ac
1216 811 1422 872 paulatim
1436 810 1603 874 frigore

316 882 499 930 inducto
517 898 731 930 venarum
749 881 883 944 vigor
900 880 1122 927 constitit?
1143 883 1329 942 Quanto
1346 884 1481 946 magis
1496 883 1602 931 huic

314 956 609 1004 invidendum
635 954 697 1000 est
715 990 730 1011 ,
753 970 885 1017 quam
904 952 987 1000 illis
1009 953 1166 1017 quibus
1185 971 1358 1018 gemma
1389 955 1600 1002 ministra-

314 1042 415 1087 tur,
453 1029 610 1092 quibus
646 1028 851 1074 exoletus
885 1027 1037 1073 omnia
1064 1028 1155 1089 pati
1188 1029 1340 1074 doetus
1361 1063 1374 1087 ‚
1405 1027 1598 1077 exsectae

316 1102 563 1159 virilitatis,
599 1112 672 1146 aut
701 1100 858 1146 dubiae
877 1136 890 1157 ‚
920 1098 1164 1163 suspensam
1199 1117 1310 1147 auro
1342 1101 1493 1150 nivem
1525 1103 1598 1150 di-

312 1177 394 1223 luit
415 1175 433 1222 ?
462 1174 521 1221 Hi
540 1173 758 1237 quidquid
776 1173 993 1230 biberint,
1015 1174 1192 1220 vomitu
1211 1175 1494 1222 remetientur
1515 1177 1597 1223 tri-

312 1250 424 1306 stes,
457 1261 500 1295 et
534 1248 665 1294 bilem
699 1247 819 1294 suam
857 1238 1121 1309 regustantes
1143 1261 1217 1295 :at
1247 1248 1341 1306 ille,
1369 1267 1594 1298 venenum

313 1324 449 1370 laetus
464 1333 507 1368 et
527 1321 665 1367 libens
685 1320 869 1366 hauriet.
889 1320 1032 1381 Quod
1051 1319 1106 1366 ad
1131 1319 1349 1366 Catonem
1374 1323 1562 1383 pertinet
1577 1358 1605 1380 ‚.

310 1396 412 1444 satis
427 1395 595 1443 dietum
614 1393 698 1440 est:
719 1393 1024 1455 summamque
1042 1392 1104 1439 illi
1114 1390 1366 1439 felicitatem
1388 1395 1595 1459 contigis-

252 1500 255 1503 -
306 1472 377 1528 se,
406 1468 639 1521 consensus
663 1467 894 1513 hominum
924 1465 1144 1513 fatebitur.
1179 1482 1310 1528 quem
1340 1466 1418 1512 fibi
1442 1484 1590 1515 rerum

307 1560 465 1592 natura
483 1543 667 1607 delegit,
688 1559 790 1589 cum
810 1558 901 1606 quo
921 1541 1156 1588 metuenda
1170 1541 1410 1588 collideret.
1432 1543 1586 1588 Inimi-

306 1619 433 1666 citiae
449 1629 677 1679 potentum
700 1633 856 1681 graves
881 1615 1004 1663 sunt?
1033 1627 1286 1678 opponatur
1306 1615 1431 1662 fimul
1450 1617 1589 1663 Pom-

305 1694 430 1758 peio,
443 1693 641 1747 Caesari,
659 1691 828 1738 Craffo.
842 1692 991 1737 Grave
1008 1689 1090 1749 est,
1102 1707 1126 1736 a
1140 1690 1432 1738 deterioribus
1444 1692 1590 1739 hono-

303 1786 353 1816 re
377 1768 563 1815 anteiri?
588 1766 770 1813 Vatinio
797 1763 1077 1827 postferatur.
1105 1764 1255 1812 Grave
1276 1763 1356 1817 est,
1385 1764 1589 1813 civilibus

303 1842 430 1890 bellis
458 1841 659 1889 intereffe
676 1841 694 1887 ?
713 1851 813 1886 toto
836 1853 1049 1886 terrarum
1069 1839 1180 1885 orbe
1206 1835 1290 1902 pro
1321 1839 1443 1886 causa
1467 1838 1587 1887 bona

302 1927 391 1962 tam
426 1912 686 1971 infeliciter,
718 1928 850 1975 quam
890 1910 1198 1973 pertinaciter,
1228 1909 1398 1957 militet.
1437 1910 1586 1958 Grave

299 1989 389 2047 est,
416 1988 493 2034 fibi
521 2003 672 2034 manus
697 1986 851 2032 afferre
873 1990 888 2032 ?
921 1983 1067 2033 faciat.
1105 1984 1229 2045 Quid
1253 2002 1334 2048 per
1358 1985 1445 2032 hoc
1473 2002 1584 2032 con-

298 2063 480 2126 sequar?
505 2078 552 2109 ut
578 2077 733 2108 omnes
764 2060 924 2115 sciant,
952 2075 1044 2105 non
1074 2058 1160 2116 esse
1185 2059 1293 2106 haec
1319 2057 1453 2115 mala,
1477 2058 1583 2122 qui-

298 2137 381 2184 bus
409 2154 494 2201 ego
521 2137 700 2199 dignum
725 2135 943 2190 Catonem
965 2133 1131 2196 putavi.

362 2215 439 2260 lV.
471 2212 682 2274 Prospera
706 2210 751 2257 in
778 2209 950 2272 plebem
978 2225 1031 2255 ac
1058 2208 1161 2256 vilia
1189 2206 1364 2274 ingenia
1392 2207 1580 2254 deveni-

297 2288 410 2332 un't:
441 2300 484 2332 at
514 2283 776 2332 calamitates
806 2295 1087 2345 terroresque
1116 2280 1370 2327 mortalium
1402 2280 1479 2326 sub
1510 2281 1581 2327 iu-

296 2375 402 2421 gum
421 2359 622 2417 mittere,
648 2355 878 2421 proprium
905 2354 1053 2418 magni
1072 2353 1158 2401 viri
1175 2353 1249 2401 est.
1269 2355 1450 2418 Semper
1469 2369 1582 2401 vero

295 2431 380 2479 effe
401 2431 573 2479 felicem
590 2468 604 2491 ‚
622 2446 666 2479 et
683 2430 772 2478 fine
797 2430 948 2477 morsu
968 2429 1101 2476 animi
1119 2429 1298 2476 transire
1324 2430 1460 2477 vitam
1477 2460 1490 2482 ,
1513 2428 1579 2490 ig-

298 2521 456 2554 norare
484 2504 546 2554 est
572 2520 720 2553 rerum
748 2515 926 2553 naturae
956 2503 1135 2552 alteram
1165 2515 1348 2567 partem⁰
1388 2504 1576 2566 Magnus
