1741 2919
348 171 864 219 CONSOLATIO
900 172 1004 218 AD
1040 174 1257 221 HELV.
1350 189 1446 219 111

225 279 297 326 Tu
318 280 528 327 miserum
549 281 741 327 necdum
762 298 834 327 me
858 280 954 328 satis
974 280 1060 327 effe
1080 297 1221 343 putas.

159 353 326 400 Desere
353 352 617 400 confossum.
647 352 808 400 victori
836 353 993 400 vulnus
1019 353 1179 417 iniquo

225 428 512 477 Mortiferum
532 429 749 492 impreffit
769 442 944 476 mortua
970 429 1097 492 saepe
1119 447 1289 479 manus.

190 544 268 590 IV.
661 556 908 591 ITEM.

157 646 372 711 Quisquis
389 664 458 703 es,
488 658 533 695 et
556 664 722 695 nomen
744 649 922 696 dicam?
946 648 1080 696 dolor
1098 649 1248 696 omnia
1268 652 1417 715 cogit2

220 719 314 780 Qui
341 719 538 767 nostrum
559 719 755 768 cinerem
776 739 918 780 nunc,
954 720 1161 777 inimice,
1191 724 1385 784 premis:

154 793 209 838 Et
228 809 321 839 non
340 806 575 841 contentus
594 795 746 854 tantis,
768 796 1004 858 subitisque
1025 795 1165 842 ruinis
1179 832 1194 853 ‚

217 866 401 930 Stringis
420 868 466 914 in
492 867 748 915 exstinfhlm
775 869 859 916 tela
881 880 1059 916 cruenta
1080 881 1224 930 caput.

155 940 301 988 Crede
320 942 457 999 mihi,
477 943 595 992 vires
613 943 777 1007 aliquas
799 945 964 991 Natura
984 943 1192 1006 sepulcris

218 1015 459 1064 Attribuit:
483 1018 677 1065 tumulos
703 1017 901 1066 vindicat
924 1018 1081 1064 umbra
1105 1017 1220 1065 suos.

145 1088 276 1154 Ipsos
296 1091 426 1138 crede
445 1093 571 1139 Deos
592 1092 682 1139 hoc
700 1109 819 1138 nunc
839 1091 920 1138 tibi
940 1092 1086 1138 dicere
1101 1127 1115 1150 ‚
1136 1091 1301 1149 Livor,

216 1163 320 1210 Hoc
342 1162 423 1210 tibi
446 1181 567 1211 nunc
586 1167 740 1211 Manes
760 1164 906 1211 dicere
925 1166 1056 1211 crede
1076 1181 1202 1212 meos
1221 1182 1233 1211 ε

151 1237 241 1284 Res
263 1237 324 1284 est
346 1238 484 1296 sacra,
504 1239 645 1285 miser.
663 1238 772 1284 Noli
793 1254 891 1284 mea
910 1250 1086 1301 tangere
1106 1238 1206 1286 fata.

213 1311 457 1377 Sacrilegae
482 1311 617 1360 bustis
641 1312 888 1359 abstinuere
919 1328 1090 1359 manus.

181 1424 241 1470 V.
664 1438 908 1472 ITEM.

147 1538 360 1587 Carmina
377 1541 615 1590 mortifero
638 1554 711 1590 tua
733 1542 830 1590 sunt
849 1541 1005 1588 suffusa
1026 1550 1233 1599 venen09'

212 1614 267 1659 Et
286 1613 382 1661 sunt
404 1616 670 1664 carminibus
687 1617 871 1679 pectora
890 1615 1015 1678 nigra
1036 1614 1185 1679 magis.

145 1686 297 1733 Nemo
312 1701 413 1736 tuos
431 1687 570 1753 fugiat
587 1726 601 1748 ‚
617 1707 711 1737 non
732 1691 825 1748 vir,
845 1707 936 1736 non
958 1689 1143 1744 femina,
1163 1690 1312 1735 dentes
1325 1724 1340 1748 2

212 1764 342 1811 Haud
369 1782 497 1829 puer,
524 1767 639 1813 haud
659 1779 774 1813 aetas
793 1766 988 1829 undique
1009 1779 1100 1812 tuta
1121 1765 1243 1812 senis.

143 1835 298 1898 thue
318 1836 465 1885 furens
492 1851 606 1885 totas
624 1838 824 1896 immittit
847 1838 942 1884 saxa
964 1830 1042 1900 per
1060 1838 1191 1882 urbes
1212 1853 1224 1882 ε

210 1912 258 1956 In
285 1913 500 1975 popuhlm
522 1913 580 1960 fic
605 1925 651 1959 tu
678 1913 817 1959 verba
841 1911 1029 1975 maligna
1050 1911 1165 1957 iacis.

141 1982 225 2052 Sed
247 1983 355 2030 solet
376 1984 550 2032 insanos
575 1986 768 2049 populus
788 1986 1071 2048 compescere
1100 1985 1251 2032 sanus:

208 2058 263 2102 Et
282 2070 489 2124 repetunt
509 2072 684 2105 motum
708 2060 803 2105 saxa
824 2059 999 2105 remissa
1019 2073 1165 2122 caput.

143 2131 191 2174 In
209 2141 251 2175 te
269 2148 388 2177 nunc
410 2131 582 2195 stringit
608 2132 750 2179 nullus
771 2150 861 2178 non
883 2133 1076 2179 carmina
1105 2150 1253 2193 vates,

209 2206 344 2267 Inque
370 2216 488 2250 tuam
511 2204 675 2252 rabiem
699 2206 872 2268 publica
894 2206 1016 2251 Musa
1036 2205 1157 2252 furit„

141 2275 263 2321 Dum
287 2276 360 2322 sua
378 2277 648 2339 compositus
672 2280 874 2324 nondum
894 2276 1009 2324 bene
1030 2278 1231 2325 concutit
1250 2294 1370 2325 arma

208 2349 335 2396 Miles
349 2387 360 2404 ‚
382 2364 425 2396 et
446 2369 469 2397 e
488 2350 632 2397 nostra
651 2351 801 2397 lancea
825 2365 942 2397 torta
961 2368 1121 2397 manu:

141 2419 281 2467 Bellus
302 2421 468 2479 homo,
489 2434 531 2468 et
549 2422 697 2469 valide
719 2422 918 2485 capitalia
939 2423 1124 2469 crimina
1150 2422 1289 2470 ludis:

205 2494 368 2558 Deque
395 2495 477 2542 tuis
503 2512 682 2543 manant
705 2508 796 2544 atra
820 2513 993 2545 venena
1011 2496 1136 2545 iocis.
