1741 2919
260 140 319 206 58
518 143 566 188 L.
611 106 1303 192 ANNAEI'SENECAE

255 244 410 304 Nihil,
442 244 587 310 inquis
603 282 618 306 ‚
650 246 749 310 post
765 259 926 295 tantam
951 250 1235 313 petulantiam
1258 249 1358 297 mali
1379 249 1541 299 facium

257 319 357 366 est?
394 320 539 365 Immo
567 320 756 366 multum
789 320 912 368 boni.
962 322 1112 385 coepit
1149 323 1369 370 Catonem
1405 324 1542 371 nosse.

255 395 411 458 Magni
436 395 572 447 animi
591 395 652 442 est
669 431 683 452 ,
712 395 891 443 iniurias
918 397 1151 460 despicere.
1175 397 1352 445 ultionis
1385 410 1546 445 contu-

255 467 600 516 meliofiffimum
629 467 765 532 genus
784 468 884 526 est,
912 485 1005 516 non
1035 470 1121 516 effe
1157 470 1299 518 visum
1329 470 1510 534 dignum
1529 505 1545 528 ‚
1583 474 1593 479 ”

255 557 314 587 ex
332 557 424 605 quo
444 555 669 604 peteretur
687 542 814 590 ultio.
839 543 968 590 Multi
988 543 1105 592 leves
1131 544 1310 592 iniurias
1328 545 1451 605 altius
1470 543 1548 590 fibi

257 613 470 661 demisere
484 649 498 672 ,
516 615 621 660 dum
644 615 871 663 vindicant
890 634 901 663 ε
922 614 992 664 ille
1009 634 1190 681 magnus
1213 633 1258 665 et
1282 617 1440 664 nobilis
1459 616 1547 675 est,

258 689 337 752 qui
355 720 369 745 ‚
392 705 518 735 more
540 706 718 753 magnae
738 689 854 737 fetae
873 727 886 749 ,
906 691 1083 738 latratus
1100 693 1368 746 minutorum
1390 708 1551 738 canum

255 765 432 812 securus
462 766 652 814 exaudit.
692 767 871 825 Minus,
906 765 1079 830 inquit,
1117 780 1482 823 contemnemur,
1518 765 1550 811 fi

255 835 634 884 ‘vindicaverimus
663 836 882 886 iniuriam.
909 840 953 885 Si
985 853 1189 903 tanquam
1224 841 1276 886 ad
1305 839 1551 886 remedium

259 910 464 956 venimus
478 947 492 966 ‚
521 912 608 957 sine
630 912 687 958 ira
714 913 973 960 veniamus:
997 931 1086 960 non
1106 913 1221 977 quasi
1242 914 1365 960 dulce
1380 913 1429 960 fit
1446 913 1550 959 vin-

259 981 421 1040 dicari,
448 983 518 1029 sed
547 983 660 1045 quat'i
691 985 808 1032 utile⁰
831 989 969 1049 Saepe
989 982 1135 1034 autem
1168 985 1296 1032 satius
1321 985 1403 1032 fuit
1433 984 1552 1032 diffi-

257 1058 421 1103 mulare
440 1094 454 1114 ‚
478 1075 611 1111 quarn
639 1058 800 1108 ulcisci.

323 1131 541 1179 XXXffl.
572 1135 878 1181 Potentiorum
909 1133 1092 1181 iniuriae
1118 1132 1245 1180 hilari
1270 1132 1426 1191 vultu,
1461 1149 1553 1179 non

257 1208 473 1271 patienter
500 1223 665 1256 tamum
696 1209 900 1256 ferendae
920 1209 1029 1257 saint.
1059 1210 1235 1258 Facient
1255 1208 1439 1264 iterum,
1462 1207 1492 1254 s1
1511 1208 1553 1255 se

257 1281 409 1329 fecisse
430 1284 711 1330 crediderint.
735 1286 834 1331 λίψ-ε
855 1284 1014 1330 liabent
1031 1284 1261 1347 peffimum
1281 1282 1417 1330 animi
1432 1299 1555 1346 mag-

259 1373 315 1403 m
350 1354 530 1402 famma
559 1356 822 1412 insolentes,
855 1374 969 1421 quos
1001 1357 1241 1413 laeserunt,
1277 1368 1321 1403 et
1350 1356 1558 1404 oderunt.

259 1430 498 1477 Notiffima
523 1449 613 1479 vox
633 1433 694 1480 est
711 1434 824 1491 eius,
848 1433 923 1496 qui
942 1433 988 1479 in
1007 1433 1123 1480 cultu
1143 1449 1295 1496 regum
1313 1430 1556 1479 consenue-

260 1517 339 1551 rat.
374 1506 489 1552 Cum
513 1507 633 1554 illum
665 1508 844 1571 quidam
872 1508 1187 1571 interrogaret,
1218 1506 1471 1567 Quomodo
1491 1521 1559 1551 ra·-

260 1578 469 1626 riffimam
500 1599 594 1628 rem
625 1583 672 1629 in
692 1582 787 1629 aula
816 1582 1073 1629 consecutus
1090 1581 1222 1640 esset,
1253 1579 1559 1629 senectutem?

260 1653 471 1713 Iniustas,
489 1655 633 1720 inquit
650 1694 664 1715 ,
678 1657 968 1720 accipiendo,
986 1671 1029 1704 et
1049 1655 1205 1720 gratias
1220 1655 1404 1718 agendo.
1426 1655 1563 1715 Saepe

262 1726 376 1773 adeo
406 1727 864 1778 iniuriam-vindicari
896 1748 988 1778 non
1017 1728 1228 1792 expedit,
1263 1739 1311 1774 ut
1344 1744 1399 1774 ne
1435 1725 1564 1773 fateri

263 1799 446 1862 quidem
469 1803 690 1866 expediat.
710 1806 762 1852 C.
784 1803 945 1852 Caesar
965 1803 1154 1852 Pastoris
1173 1800 1385 1865 splendidi
1405 1799 1565 1864 equitis

265 1873 460 1921 Romani
481 1875 623 1924 filium
660 1895 761 1926 cum
785 1877 828 1924 in
849 1877 1048 1925 custodia
1066 1876 1281 1924 habuisset
1299 1911 1314 1935 ,
1336 1873 1564 1921 munditiis

265 1946 360 1994 eius
381 1961 421 1994 et
443 1951 700 1999 cultioribus
718 1952 882 2015 capillis
901 1951 1091 1999 offensus
1110 1987 1124 2010 ‚
1143 1965 1327 2014 rogante
1346 1962 1468 2012 patre
1482 1983 1496 2005 ‚
1515 1961 1564 1996 ut

268 2019 449 2068 salutem
474 2022 551 2069 fibi
574 2023 651 2070 filii
679 2026 972 2087 concederet,
998 2024 1118 2089 quasi
1147 2025 1201 2071 de
1229 2022 1443 2087 supplicio
1470 2020 1563 2067 eius

270 2095 553 2156 admonitus,
595 2098 694 2145 duci
731 2099 934 2161 protinus
969 2098 1097 2145 iuffit.
1134 2098 1204 2144 Ne
1235 2109 1384 2144 tamen
1415 2094 1565 2140 onmia

268 2168 508 2218 inhumane
528 2171 687 2219 faceret
704 2172 934 2221 adversum
953 2185 1144 2236 patrem,
1163 2171 1216 2217 ad
1235 2185 1419 2217 coenam
1441 2168 1563 2213 illum

273 2243 483 2294 invitavit
503 2264 557 2293 eo
576 2248 660 2294 die.
682 2247 803 2297 venit
822 2247 971 2294 Pastor
985 2282 998 2305 ‚
1019 2246 1127 2292 nihil
1145 2244 1277 2294 vultu
1295 2243 1565 2305 exprobran-

274 2333 332 2366 te.
363 2321 621 2384 Propinavit
642 2323 700 2368 illi
728 2321 886 2368 Caesar
904 2321 1125 2368 heminam
1145 2337 1155 2365 :
1186 2330 1229 2365 et
1249 2317 1392 2381 posuit
1410 2316 1468 2362 illi
1489 2332 1566 2361 cu-

272 2394 460 2443 stodem.
495 2396 751 2458 perduravit
783 2395 937 2450 miser,
985 2411 1077 2441 non
1108 2392 1231 2439 aliter
1263 2407 1395 2454 quam
1425 2388 1455 2433 fi
1488 2386 1566 2456 filii

272 2468 522 2535 sanguinem
542 2471 722 2519 biberet.
758 2472 1043 2534 Unguentum
1063 2480 1106 2515 et
1139 2482 1330 2516 coronas
1357 2463 1567 2518 misit,·et
