1741 2919
475 161 762 211 DE1RA
814 163 952 211 ΜΒ.
1010 163 1119 209 111.
1381 175 1441 223 91

152 268 278 334 quod
313 267 526 318 fervidius
557 269 720 316 factum
757 268 879 316 casus
923 269 1142 331 impingat
1177 283 1189 314 t
1219 265 1446 313 neminem

152 355 243 390 tam
283 343 490 398 timidum
519 342 790 391 offensarum
809 379 824 403 ‚
865 344 942 407 qui
977 358 1073 390 non
1104 342 1152 388 in
1186 342 1306 400 illas,
1340 343 1448 389 dum

151 418 291 476 vitat,
310 417 491 466 incidat.
944 414 947 416 ’
1051 478 1055 482 ᾗ

217 492 372 540 XXV.
392 492 647 552 Quomodo
670 490 847 539 homini
874 488 1033 553 pusillo
1060 489 1262 538 solatium
1284 488 1330 536 in
1350 504 1447 535 ma-

151 566 205 614 lis
237 566 347 624 fuit,
374 567 508 614 etiam
544 584 807 631 magnorum
841 567 1044 615 virorum
1080 565 1269 613 titubare
1301 563 1452 612 fortu-

151 655 254 684 nam
272 675 285 696 ,
305 650 349 685 et
364 637 574 702 aequiore
595 639 746 685 animo
768 636 905 685 filium
933 638 979 684 in
1006 639 1170 702 angulo
1191 637 1319 686 flevit
1333 672 1346 694 ,
1373 636 1452 700 qui

151 709 271 757 vidit
301 709 459 756 acerba
490 708 651 770 funera,
669 710 800 757 etiam
827 726 883 756 ex
908 709 1026 773 regia
1052 710 1155 757 duci
1176 728 1186 757 :
1211 710 1269 758 fic
1295 709 1450 756 animo

153 782 365 846 aequiore
389 781 503 830 feret
524 782 579 829 ab
605 783 756 847 aliquo
775 781 917 838 laedi,
946 782 1000 828 ab
1020 781 1170 845 aliquo
1190 781 1454 839 contemni,

152 856 401 920 cuicunque
426 856 552 905 venit
578 857 625 904 in
646 870 841 904 mentem
857 893 870 915 ‚
890 856 1054 903 nullam
1076 855 1163 903 effe
1186 868 1350 903 tantam
1372 872 1453 919 po-

150 930 334 978 tentiam
350 965 364 987 ,
379 929 426 976 in
445 946 578 993 quam
599 947 690 977 non
710 930 906 978 incurrat
927 930 1103 977 iniuria.
1126 929 1301 990 Quodsi
1317 929 1452 977 etiam

149 1003 472 1068 prudentissimi
496 1018 682 1068 peccant
697 1041 711 1063 ‚
733 1005 858 1052 cuius
877 1022 970 1052 non
997 1021 1125 1052 error
1151 1005 1317 1051 bonam
1343 1022 1451 1052 cau-

152 1076 241 1125 sam
256 1077 420 1125 habet?
443 1077 744 1141 Respiciamus
761 1111 774 1133 ‚
798 1078 973 1142 quoties
990 1076 1282 1124 adolescentia
1301 1076 1452 1125 nostra

151 1149 199 1196 in
212 1151 367 1199 officio
380 1167 537 1214 parum
550 1151 735 1215 diligens
749 1151 896 1207 fuerit,
910 1151 955 1197 in
967 1149 1171 1197 sermone
1188 1167 1342 1213 parum
1359 1168 1451 1199 mo-

151 1221 271 1270 desta
287 1258 302 1281 ‚
321 1223 370 1269 in
387 1223 497 1272 vino
510 1240 663 1287 parum
680 1237 944 1288 temperans.
963 1223 1008 1269 Si
1031 1223 1164 1269 iratus
1184 1223 1273 1270 est:
1291 1224 1449 1272 demus

151 1297 216 1344 illi
234 1297 442 1359 spatium,
458 1314 551 1360 quo
572 1298 808 1362 dispicere,
821 1298 929 1362 quid
940 1297 1097 1345 fecerit
1109 1331 1122 1353 ,
1140 1295 1284 1359 possit.
1301 1295 1453 1359 seipse

153 1369 395 1434 castigabit.
411 1371 623 1435 Denique
643 1372 800 1419 debeat
813 1387 993 1435 poenas.
1013 1387 1105 1417 non
1125 1369 1186 1416 est
1207 1370 1329 1433 quod
1344 1387 1451 1418 cum

153 1445 232 1492 illo
252 1446 372 1509 paria
398 1446 621 1494 faciamus.
642 1446 753 1493 Illud
775 1461 869 1491 non
894 1445 1018 1493 venit
1043 1444 1089 1490 in
1108 1443 1292 1490 dubium
1308 1478 1321 1501 ‚
1341 1443 1452 1506 quin

153 1519 196 1567 se
220 1517 435 1566 exemerit
463 1519 646 1578 turbae,
678 1530 721 1566 et
749 1518 878 1566 altius
907 1517 1072 1565 steterit
1091 1551 1104 1575 ,
1134 1515 1335 1579 quisquis
1375 1515 1452 1561 de-

152 1592 294 1657 spexit
334 1591 605 1641 laceffentes.
652 1594 888 1656 proprium
917 1591 978 1639 est
1012 1589 1327 1654 magnitudinis
1369 1605 1452 1636 ve-

152 1684 253 1723 rae,
284 1683 378 1713 non
397 1665 440 1712 se
459 1665 618 1713 sentire
636 1665 902 1729 percussum.
934 1664 1004 1711 Sic
1035 1662 1238 1709 immanis
1269 1661 1363 1709 fera
1395 1661 1452 1708 ad

154 1741 359 1787 latratum
394 1756 552 1786 canum
590 1741 706 1786 lenta
735 1739 925 1803 respexit
940 1747 971 1786 -ξ
1002 1739 1060 1786 fic
1096 1738 1245 1785 irritus
1280 1737 1451 1801 ingenti

153 1813 340 1877 scopulo
370 1811 524 1860 fluctus
543 1812 722 1859 assultat.
744 1813 837 1873 Qui
859 1829 950 1859 non
967 1811 1190 1868 irascitur,
1214 1811 1451 1858 inconcus-

153 1888 260 1935 sus
249 1887 405 1934 iniuria
426 1886 640 1950 perstitit:
663 1886 740 1950 qui
765 1885 987 1944 irascitur,
1013 1900 1162 1932 motus
1187 1884 1260 1932 est.
1292 1886 1350 1930 At
1379 1883 1450 1929 ille

151 1977 310 2026 quem
305 1960 450 2006 modo
473 1959 674 2006 altiorem
698 1960 823 2005 omni
844 1958 1140 2006 incommodo
1161 1955 1311 2020 posui,
1332 1967 1450 2002 tenet

152 2034 351 2099 quodam
370 2032 576 2095 amplexu
607 2032 824 2079 summum
850 2032 1039 2079 bonum.
1058 2047 1141 2077 nec
1163 2029 1339 2076 homini
1360 2044 1451 2076 tan-

153 2121 279 2166 tum,
291 2107 364 2155 sed
378 2107 457 2170 1ps1
478 2106 682 2155 fortunae
703 2106 968 2169 respondet:
986 2103 1266 2153 Omnialicet
1285 2101 1447 2160 facias,

155 2181 306 2228 minor
325 2197 369 2228 es
384 2216 397 2238 ,
417 2197 548 2244 quam
571 2195 619 2227 ut
637 2180 911 2232 serenitatem
931 2196 1073 2225 meam
1091 2177 1301 2224 obducas.
1318 2179 1453 2228 Vetat,

154 2254 245 2301 hoc
263 2253 374 2300 ratio
389 2285 403 2308 ‚
427 2254 497 2300 cui
518 2253 657 2300 vitam
680 2253 916 2315 regendam
937 2251 1052 2298 dedi.
1073 2250 1168 2312 plus
1190 2248 1297 2294 mihi
1316 2249 1447 2295 noci-

154 2339 252 2375 tura
277 2325 338 2373 est
358 2326 444 2382 ira,
465 2343 597 2389 quam
616 2326 788 2372 iniuria.
808 2324 932 2384 Quid
949 2323 993 2369 ni
1013 2320 1140 2385 plus?
1161 2320 1274 2367 illius
1289 2320 1449 2367 modus

153 2415 301 2451 certus
319 2399 381 2446 est
403 2418 413 2446 :
443 2399 519 2446 ista
537 2416 771 2463 quousque
792 2414 862 2443 me
883 2398 1018 2443 latura
1039 2393 1113 2454 fit,
1130 2394 1344 2441 incertum
1371 2394 1449 2441 est.

221 2474 398 2524 XXVI.
424 2473 532 2523 Non
550 2471 726 2537 possum
744 2507 758 2533 ‚
777 2470 951 2536 inquis,
981 2469 1085 2534 pati.
1111 2484 1245 2534 grave
1265 2466 1352 2525 est,
1379 2467 1447 2515 in-
