1741 2919
272 154 370 206 v170
499 147 570 194 L.
623 145 926 192 ANNAEI
975 144 1318 194 SENECAE

264 264 354 300 tres
392 266 435 300 et
472 252 647 301 sorores
687 254 882 317 eripuit,
913 255 1030 302 hunc
1068 254 1306 318 praeterire
1340 272 1397 302 ex
1431 254 1556 304 omni

264 327 501 374 Caesarum
523 344 709 375 numero
729 329 1051 390 excerpendum
1074 346 1084 373 ε
1104 344 1236 392 quem
1259 344 1404 375 rerum
1425 345 1556 376 natu-

262 414 309 445 ra
341 400 385 446 in
416 400 601 447 exitium
634 401 1023 465 opprobriumque
1053 399 1234 448 humani
1268 401 1437 464 generis
1459 401 1555 448 edi-

266 472 364 530 dit,
395 489 421 519 a
451 489 546 536 quo
582 473 817 536 imperium
850 473 1054 520 eversum
1081 471 1277 520 funditus
1297 508 1311 531 ‚
1347 472 1557 536 principis

265 544 444 607 piiffimi
465 559 633 594 recreat
662 546 907 593 clementia.
934 548 987 594 C.
1009 548 1167 594 Caesar
1185 583 1198 605 ‚
1228 546 1375 594 amissa
1403 547 1558 594 sorore

263 617 457 665 Drusilla
477 652 491 675 ‚
513 620 549 665 is
568 620 710 666 homo
738 620 812 671 Qui
845 637 936 667 non
958 622 1095 685 magis
1119 621 1270 668 dolere
1295 638 1426 685 quam
1451 638 1557 685 gau-

265 691 369 736 dere
400 692 702 755 principaliter
731 694 872 755 poffet
895 729 909 750 ,
939 695 1221 757 conspefhim
1256 694 1558 743 conversatio-

263 781 458 828 nemque
481 766 647 813 civium
668 768 848 815 suorum
869 769 1071 833 profugit
1088 804 1102 827 ‚
1124 770 1409 834 exequiisque
1426 769 1555 816 soro-

260 839 321 888 ris
342 841 439 888 suae
463 858 555 889 non
574 841 773 890 interfuit
788 879 802 899 ,
825 843 932 890 iusta
953 842 1097 890 sorori
1115 860 1207 891 non
1229 843 1464 907 praestitit,
1482 843 1555 891 sed

258 913 306 961 in
329 914 501 962 Albano
529 915 608 963 suo
639 917 802 964 tess‘eris
822 935 871 965 ac
899 917 1032 976 foro,
1062 929 1106 965 et
1129 917 1387 982 provocatis
1406 917 1556 964 huius-

261 988 390 1034 modi
409 988 501 1036 aliis
521 991 891 1053 occupationibus
914 990 1175 1038 acerbiffimi
1201 989 1364 1038 funeris
1384 991 1557 1038 levabat

263 1054 507 1107 mala.'Pro
535 1062 680 1124 pudor
707 1061 909 1126 imperii!
936 1062 1145 1126 principis
1166 1062 1355 1110 Romani
1372 1062 1559 1126 lugentis

264 1131 466 1180 sororem
485 1169 498 1192 ‚
526 1134 616 1181 alea
649 1135 851 1183 solatium
884 1136 1020 1182 animi
1055 1135 1150 1182 suit.
1180 1136 1300 1182 Idem
1326 1135 1396 1182 ille
1426 1135 1559 1182 Caius

264 1203 430 1253 furiosa
447 1206 763 1268 inconstantia,
784 1210 924 1257 modo
947 1210 1125 1256 barbam
1147 1209 1442 1273 capillumque
1460 1210 1558 1256 sub-

264 1279 471 1339 mittens,
510 1282 650 1328 modo
684 1283 828 1330 ltaliae
864 1301 913 1330 ac
946 1282 1119 1330 Siciliae
1157 1299 1258 1329 oras
1291 1283 1560 1329 errabundus

261 1353 524 1416 permetiens
545 1385 558 1409 ‚
594 1365 638 1399 et
669 1371 894 1418 nunquam
930 1355 1026 1402 satis
1067 1367 1211 1402 certus
1243 1369 1389 1402 utrum
1419 1355 1557 1418 lugeri

262 1424 417 1481 vellet,
439 1440 493 1470 an
519 1424 608 1471 coli
635 1424 850 1473 sororem.
880 1427 1051 1473 Eodem
1072 1427 1191 1474 enim
1216 1437 1416 1489 tempore
1432 1461 1445 1483 ,
1466 1441 1558 1489 quo

264 1497 427 1560 templa
460 1497 519 1543 illi
555 1497 847 1545 constituebat
879 1515 927 1545 ac
962 1498 1241 1561 pulvinaria,
1264 1515 1343 1546 eos
1368 1498 1444 1562 qui
1479 1515 1558 1560 pa-

264 1589 361 1619 rum
392 1573 548 1619 moesti
572 1575 742 1623 fixerant
762 1611 774 1634 ‚
801 1575 1095 1622 crudeliffima
1119 1575 1334 1621 afficiebat
1357 1574 1557 1620 animad-

266 1640 487 1694 versione]
525 1650 686 1695 Eadem
727 1649 843 1694 enim
884 1646 1146 1711 intemperie
1182 1647 1317 1694 animi
1354 1645 1557 1693 adversa-

266 1738 366 1768 rum
401 1739 546 1768 rerum
590 1723 697 1769 istus
732 1723 928 1777 ferebat,
972 1739 1056 1785 qua
1094 1721 1382 1767 secundarum
1423 1721 1558 1766 elatus

266 1809 429 1842 eventu
444 1832 455 1851 ,
477 1796 603 1859 supra
629 1797 868 1843 humanum
888 1795 1202 1843 intumescebat
1229 1796 1427 1842 modum.
1447 1797 1558 1841 Pro-

266 1869 339 1916 cul
365 1869 477 1914 istud
500 1869 755 1932 exemplum
778 1869 831 1916 ab
863 1871 1072 1915 Romano
1097 1868 1221 1927 viro,
1244 1868 1407 1914 lucium
1433 1867 1556 1914 suum

265 1955 340 1988 aut
374 1942 692 2004 intempestivis
726 1959 917 1990 avocare
952 1942 1139 1998 lusibus,
1174 1956 1245 1989 aut
1277 1942 1471 1988 sordium
1507 1958 1557 1988 ac

266 2015 478 2077 squaloris
510 2015 720 2061 foeditate
768 2015 936 2062 irritare
962 2051 975 2073 ,
1014 2027 1086 2060 aut
1126 2015 1277 2061 alienis
1310 2014 1434 2060 malis
1468 2014 1554 2060 ob-

260 2089 425 2151 lectare
447 2122 462 2144 ‚
497 2090 680 2137 minime
720 2091 918 2136 humano
953 2089 1122 2136 solatio.
1161 2089 1265 2135 Tibi
1301 2104 1412 2134 vero
1450 2088 1556 2133 nihil

262 2152 679 2209 exconsuetudine
715 2164 972 2208 mutandum
1009 2175 1094 2208 tua.
1130 2161 1340 2225 quoniam
1378 2160 1556 2224 quidem

268 2253 319 2282 ea
341 2236 555 2283 instituisti
586 2253 730 2283 amare
761 2236 899 2283 studia
918 2274 928 2294 ‚
964 2253 1072 2300 quae
1103 2250 1145 2283 et
1173 2236 1342 2299 optime
1373 2234 1555 2281 felicita-

269 2319 358 2354 tem
395 2312 646 2369 extollunt,
685 2323 727 2357 et
760 2309 963 2357 facillime
998 2309 1200 2355 minuunt
1233 2307 1518 2354 calamitatem
1545 2324 1556 2352 ε

267 2381 508 2446 eademque
536 2399 577 2431 et
599 2398 858 2431 ornamenta
890 2383 1124 2430 hominum
1151 2382 1341 2430 maxima
1372 2382 1490 2438 sunt,
1515 2391 1557 2426 et

268 2453 430 2502 solatia.
