1741 2919
347 141 433 188 DE
465 142 1011 202 TRANQUlLLtTATE
1049 141 1238 207 ANIMI.
1342 143 1433 201 267

154 249 251 298 niae
271 248 600 307 Mithridatem,
633 249 746 295 inter
777 248 960 294 Caianas
991 247 1208 295 custodias
1232 246 1438 295 vidimus.

156 324 260 373 alter
280 323 324 370 in
345 322 539 370 exfilium
561 321 708 369 miffus
726 321 785 367 est
810 339 820 367 ε
841 321 945 367 alter
964 333 1010 368 ut
1032 321 1202 368 meliori
1222 319 1307 368 fide
1333 320 1440 368 mit-

157 409 347 457 teretur,
368 398 558 461 optabat.
580 400 627 443 In
648 410 762 444 tanta
784 413 929 443 rerum
946 432 958 454 ,
982 396 1145 443 sursum
1165 413 1214 442 ac
1236 396 1440 443 deorsum

156 471 379 546 euntium,
410 471 682 527 versatione,
713 470 741 515 si
771 486 861 515 non
895 469 1111 533 quidquid
1142 468 1236 515 fieri
1266 468 1439 532 potest,

157 560 241 607 pro
263 542 413 589 futuro
432 543 586 599 habes,
603 543 677 597 clas
698 543 740 588 in
761 555 801 589 te
820 542 936 588 vires
954 541 1084 588 rebus
1102 540 1310 597 adverfis,
1333 556 1441 604 quas
1466 551 1467 554 ’

158 617 367 681 infregit,
388 617 582 681 quisquis
602 617 724 680 prior
750 617 874 663 vidit.
896 615 1151 662 Proximum
1173 615 1225 661 ab
1250 615 1316 661 his
1335 615 1443 673 erit,

159 707 215 738 ne
232 702 304 737 aut
319 691 364 736 in
383 691 663 754 supervacuis
679 725 691 748 ‚
711 702 782 737 aut
803 707 856 737 ex
877 690 1147 753 supervacuo
1166 689 1413 734 laboremus
1427 705 1442 736 ε

159 763 205 813 id
227 765 317 822 est,
345 782 398 813 ne
427 780 501 813 aut
526 783 638 829 quae
659 782 750 812 non
773 764 994 828 possumus
1021 762 1252 826 consequi,
1276 778 1445 810 concu-

159 837 400 901 piscamus:
420 849 492 884 aut
512 837 684 900 adepti,
704 837 993 900 cupiditatum
1016 836 1253 884 vanitarem
1273 835 1446 881 nostra-

159 926 262 961 rum
288 909 414 967 sero,
443 907 541 971 post
579 909 760 955 multum
789 909 1032 970 pudorem,
1064 907 1366 970 intelligamus.
1399 905 1446 952 id

161 984 248 1042 est,
275 1001 328 1031 ne
354 998 428 1031 aut
457 984 581 1030 labor
608 983 753 1031 irritus
778 983 864 1030 fine
885 983 1040 1031 effe&u
1066 982 1139 1038 fit,
1169 996 1240 1028 aut
1267 980 1448 1027 effcffils

163 1055 316 1104 labore
340 1056 555 1119 indignus.
583 1058 688 1103 Fere
713 1055 831 1102 enim
856 1072 909 1102 ex
935 1054 1000 1101 his
1026 1053 1193 1100 tristitia
1219 1051 1412 1115 sequitur
1430 1085 1446 1110 ‚

163 1130 197 1178 fi
216 1142 289 1176 aut
317 1147 409 1177 non
436 1128 656 1187 succeffit,
682 1140 756 1175 aut
775 1126 983 1175 successus
1007 1127 1157 1189 pudet.

231 1204 331 1251 ΧΠ.
372 1202 741 1250 Circumcidenda
767 1200 827 1248 est
868 1200 1174 1257 concursatio,
1216 1197 1356 1262 qualis
1388 1196 1450 1245 est

167 1294 349 1342 magnae
370 1276 480 1339 parti
503 1276 763 1332 hominum,
790 1275 978 1332 domos,
1003 1287 1046 1322 et
1070 1275 1234 1322 theatra
1253 1311 1266 1333 ,
1291 1262 1335 1320 et
1352 1273 1452 1321 fora

168 1351 497 1418 pererrantium.
530 1348 695 1397 Alienis
730 1349 769 1396 se
808 1349 996 1412 negotiis
1028 1347 1248 1407 offerunt,
1281 1348 1452 1411 semper

169 1426 335 1490 aliquid
363 1425 586 1489 agentibus
610 1423 781 1470 similes.
807 1424 978 1468 Horum
1009 1422 1038 1468 si
1069 1422 1259 1485 aliquem
1283 1440 1453 1469 exeun-

168 1510 257 1548 tem
278 1499 332 1546 de
353 1498 494 1545 domo
513 1496 853 1561 interrogaveris
872 1532 884 1554 ,
906 1499 1014 1557 Quo
1035 1497 1106 1543 tu?
1131 1497 1236 1560 quid
1256 1495 1454 1559 cogitas?

170 1571 451 1636 respondebit
478 1570 558 1618 tibi
575 1607 588 1630 ‚
614 1572 721 1617 Non
749 1571 998 1618 mehercule
1027 1571 1115 1618 scio
1143 1589 1153 1617 :
1185 1570 1254 1617 sed
1283 1570 1456 1633 aliquos

171 1645 340 1694 videbo
363 1679 377 1702 ,
414 1644 576 1707 aliquid
613 1661 751 1707 agam.
794 1644 894 1690 Sine
939 1644 1169 1707 proposito
1205 1658 1456 1707 vagantur,

170 1732 430 1782 quaerentes
455 1718 630 1782 negotia
651 1735 661 1764 :
681 1735 763 1772 nec
789 1734 899 1781 quae
922 1706 1272 1776 destinaverunt,
1294 1729 1455 1781 agunt,

169 1794 247 1844 sed
279 1794 325 1840 in
353 1810 464 1857 quae
490 1792 779 1839 incurrerunt.
807 1791 1082 1839 Inconsultus
1115 1789 1195 1837 illis
1229 1806 1459 1853 vanusque

173 1866 322 1917 cursus
352 1865 412 1914 est
428 1903 441 1925 ,
472 1866 608 1930 qualis
636 1865 857 1923 formIcis,
879 1882 956 1929 per
975 1863 1143 1911 arbusta
1170 1864 1423 1927 repentibus
1444 1880 1460 1921 3

172 1940 349 2007 quaein
380 1940 597 1986 summum
630 1954 869 1996 cacumen,
900 1938 1054 2005 deinde
1079 1939 1123 1985 in
1152 1938 1291 1985 imum
1311 1938 1458 1985 inanes

175 2025 373 2080 aguntur.
399 2013 479 2059 His
506 2012 701 2075 plerique
721 2012 900 2059 fimilem
922 2012 1057 2059 vitam
1083 2025 1244 2077 agunt,
1267 2027 1457 2076 quorum

177 2105 270 2135 non
289 2087 514 2134 immerito
533 2086 629 2148 quis
651 2087 889 2150 inquietam
909 2086 1109 2132 inertiam
1138 2085 1306 2132 dixerit.
1328 2087 1459 2145 Quo-

176 2158 362 2206 rundam
378 2194 391 2215 ,
412 2157 532 2221 quali
554 2158 607 2204 ad
628 2158 882 2204 incendium
905 2158 1171 2205 currentium
1190 2193 1203 2216 ,
1223 2157 1463 2204 misereris:

180 2230 314 2294 usque
334 2248 390 2278 eo
413 2229 644 2294 impellunt
669 2232 860 2289 obvios,
888 2243 931 2279 et
958 2233 996 2277 se
1020 2231 1216 2294 aliosque
1242 2230 1464 2294 praecipi«.

180 2317 273 2351 tant
290 2322 300 2351 :
319 2322 418 2351 cum
438 2306 609 2352 interim
626 2307 926 2362 cucurrerint,
944 2318 1017 2351 aut
1039 2305 1257 2352 salutaturi
1275 2305 1463 2367 aliquem

178 2394 274 2439 pon
298 2378 647 2436 resalutaturum,
683 2392 754 2425 aut
780 2379 907 2426 sunus
936 2380 1072 2443 ignoti
1095 2366 1286 2427 hominis
1315 2379 1460 2439 prose-

181 2451 357 2513 cuturi,
386 2467 461 2501 aut
489 2452 699 2504 iudicium
731 2453 856 2518 saepe
883 2453 1086 2520 litigantis
1104 2488 1118 2515 ‚
1150 2465 1225 2502 aut
1251 2453 1459 2518 sponsalia
