1741 2919
306 164 395 214 180
536 169 586 214 L.
643 165 937 214 ANNAEI
987 165 1343 218 SENECAE

297 272 431 321 finis?
459 273 608 321 omnia
628 273 673 320 in
694 275 1017 337 supervacuum
1047 291 1208 324 tentata
1236 277 1344 325 sunt.
1380 277 1603 341 fatigatae:¹

299 348 589 396 allocutiones
618 349 893 406 amicorum3
929 350 1209 397 auctoritates
1239 369 1504 414 magnorum
1538 364 1584 398 et

301 422 494 469 affinium
527 421 606 469 tibi
637 422 870 478 virorum;
898 423 1063 482 studia,
1094 424 1404 471 hereditarium
1434 439 1478 472 et
1502 442 1582 487 pa-

299 510 477 542 ternum
503 498 694 551 bonum,
728 495 871 543 surdas
902 513 1049 555 aures,
1076 497 1203 544 irrito
1231 514 1281 544 ac
1302 499 1376 545 vix
1402 500 1454 545 ad
1479 499 1584 544 bre-

300 583 404 614 vem
427 567 766 629 occupationem
794 566 1051 629 proficiente
1069 569 1226 615 solatio
1242 601 1255 625 ‚
1272 571 1503 616 transeunt.
1529 570 1583 615 11-

299 640 376 687 lud
399 639 539 704 ipsum
573 639 762 686 naturale
789 642 1032 687 remedium
1063 644 1303 705 temporis,
1333 644 1455 707 quod
1492 659 1585 689 ma-

300 712 439 760 ximas
469 728 698 760 aerumnas
727 729 906 776 quoque
938 716 1201 777 componit,
1230 717 1275 762 in
1301 729 1343 762 te
1373 733 1456 763 una
1489 716 1585 764 vim

301 786 419 833 suam
449 786 651 849 perdidit.
669 787 845 834 Tertius
864 787 947 834 iam
975 790 1194 850 praeteriit
1214 807 1373 849 annus,
1400 807 1498 837 cum
1518 790 1585 836 in-

299 861 429 907 terim
454 860 562 906 nihil
593 877 646 906 ex
672 860 819 922 primo
843 860 923 907 illo
955 861 1122 924 impetu
1160 863 1318 910 cecidit
1354 881 1364 909 :
1395 876 1584 911 renovat

301 933 365 989 se,
384 944 426 978 et
446 933 713 979 corroborat
731 933 931 996 quotidie
960 935 1121 982 luctus:
1146 950 1188 983 et
1208 937 1293 983 iam
1313 937 1390 983 sibi
1410 937 1473 984 ius
1492 955 1585 985 mo-

303 1022 352 1052 ra
373 1004 503 1063 fecit,
530 1021 673 1068 eoque
701 1007 912 1053 adductus
939 1007 1026 1063 est,
1055 1022 1101 1055 ut
1129 1022 1250 1071 putet
1274 1025 1404 1073 turpe
1422 1010 1588 1057 desine-

304 1097 366 1127 re.
409 1081 802 1140 Quemadmodum
839 1083 990 1129 omnia
1028 1084 1133 1130 vitia
1168 1084 1340 1147 penitus
1367 1084 1588 1143 insidunt,

304 1153 411 1211 nisi,
443 1154 546 1199 dum
580 1154 781 1217 surgunt,
810 1156 1010 1218 oppreffa
1039 1157 1119 1204 {int
1146 1176 1156 1204 :
1191 1157 1248 1204 ita
1273 1175 1456 1221 quoque
1483 1159 1589 1206 baec

304 1226 440 1274 tristia
466 1239 509 1275 et
535 1227 716 1286 misera,
745 1241 788 1275 et
818 1229 861 1274 in
882 1229 922 1276 se
949 1229 1211 1291 saevientia,
1239 1231 1328 1296 ipsa
1354 1233 1587 1280 noviffime

307 1302 542 1350 acerbitate
567 1302 824 1365 pascuntur,
848 1315 891 1350 et
914 1303 961 1350 fit
981 1304 1165 1352 infelicis
1184 1305 1320 1351 animi
1344 1321 1480 1368 prava
1499 1321 1587 1352 vo-

309 1376 451 1438 luptas
472 1377 617 1423 dolor.
644 1376 872 1439 Cupissem
898 1377 1043 1440 itaque
1067 1378 1220 1440 primis
1244 1377 1516 1440 temporibus
1535 1378 1590 1424 ad

307 1448 432 1495 istam
461 1448 736 1498 curationem
764 1450 983 1497 accedere.
1012 1450 1181 1497 leviore
1205 1450 1423 1497 medicina
1444 1449 1590 1498 fu'iffet

308 1522 458 1570 oriens
484 1523 627 1570 adhuc
651 1522 959 1587 restinguenda
979 1523 1047 1571 vis
1067 1541 1078 1570 ε
1106 1523 1410 1570 vehementius
1434 1538 1590 1571 contra

311 1595 551 1644 inveterata
568 1598 851 1660 pugnandum
871 1596 947 1644 est.
961 1598 1074 1643 Nam
1094 1596 1329 1644 vulnerum
1344 1612 1522 1660 quoque
1536 1597 1593 1643 sa-

311 1668 424 1716 nitas
438 1667 573 1717 facilis
590 1668 652 1716 est
667 1704 680 1727 ‚
699 1669 803 1715 dum
824 1686 848 1715 a
867 1669 1072 1733 sanguine
1089 1668 1281 1715 recentia
1294 1668 1390 1714 sunt
1405 1685 1416 1715 ι
1432 1684 1536 1716 tunc
1550 1681 1593 1716 et

310 1752 501 1787 uruntur
514 1772 528 1796 ‚
551 1751 594 1787 et
612 1740 658 1786 in
677 1739 809 1787 altum
829 1755 1125 1800 revocantur,
1144 1753 1188 1787 et
1211 1740 1374 1804 digitos
1393 1740 1591 1788 scrutan-

309 1815 423 1861 tium
453 1812 683 1875 recipiunt.
711 1812 788 1859 ubi
806 1825 1014 1876 corrupta
1031 1813 1075 1859 in
1096 1813 1257 1860 malum
1277 1812 1397 1860 ulcus
1414 1827 1590 1862 vetera-

310 1900 443 1946 runt,
474 1886 692 1933 difficilius
722 1898 944 1934 curantur.
1004 1888 1110 1933 Non
1149 1885 1323 1949 possum
1360 1904 1476 1934 nunc
1511 1905 1591 1951 per

311 1961 571 2025 obsequium
590 1996 604 2019 ,
638 1978 719 2009 nec
747 1961 939 2009 molliter
965 1961 1129 2026 affequi
1160 1974 1249 2009 tam
1271 1961 1427 2009 durum
1460 1963 1591 2010 dolo-

313 2054 407 2085 rem
431 2055 440 2083 :
471 2036 732 2099 frangendus
750 2035 826 2083 est.
1417 2099 1419 2102 ι

382 2111 431 2156 ΙΙ.
451 2108 552 2156 Scio
569 2143 583 2164 ,
600 2125 624 2154 a
644 2107 885 2170 praeceptis
904 2104 1098 2168 incipere
1124 2120 1279 2151 omnes
1305 2103 1382 2166 qui
1410 2120 1593 2152 monere
1614 2145 1615 2150 ,

309 2182 500 2246 aliquem
520 2181 678 2229 volunt
690 2216 704 2239 ‚
719 2191 763 2227 et
783 2180 827 2225 in
844 2178 1042 2240 exempla
1057 2177 1265 2224 definere.
1297 2177 1458 2223 Mutari
1475 2177 1592 2224 hunc

311 2255 486 2302 interim
509 2270 682 2301 morem
704 2252 895 2316 expedit.
930 2251 1069 2297 Aliter
1092 2250 1209 2297 enim
1229 2266 1329 2297 cum
1350 2249 1435 2296 alio
1456 2266 1590 2313 agen·

312 2329 419 2375 dum
439 2327 514 2375 est.
548 2328 781 2388 Quosdam
807 2325 920 2372 ratio
947 2324 1100 2381 ducit:
1123 2323 1381 2387 quibusdam
1411 2323 1593 2369 nomina

313 2403 424 2449 clara
454 2403 723 2466 opponenda
748 2401 843 2448 sunt
861 2435 874 2458 ,
893 2411 937 2446 et
967 2399 1229 2456 auctoritas,
1261 2415 1375 2462 quae
1405 2397 1591 2443 liberum

315 2493 407 2524 non
438 2477 653 2542 relinquat
680 2476 876 2526 animum
896 2474 951 2523 ad
977 2473 1170 2539 speciosa
1187 2471 1446 2538 stupentem.
1478 2469 1592 2517 Duo
