1741 2919
269 146 388 214 ,ιει
532 149 580 194 L.
634 147 931 193 ΑΝΝΑΕῐ
985 141 1339 194 semeia

291 252 603 317 magnitudinis
632 252 846 299 fraternae
866 252 996 300 nimis
1024 253 1412 300 circmnlucentem
1438 253 1575 300 sortu-

274 337 394 377 ‘nam
421 327 581 384 exosa,
613 326 788 374 defodit
810 327 879 387 se,
917 339 959 374 et
990 327 1173 374 abdidit,
1206 327 1498 374 Affidentibus
1518 328 1574 373 li-

292 401 436 459 beris,
465 401 728 464 nepotibus,
754 401 982 464 lugubrem
1014 400 1181 447 vestem
1213 417 1304 447 non
1339 399 1543 461 deposuit
1563 436 1578 457 ,

291 491 386 521 non
411 475 499 521 sine
523 472 796 520 contumelia
818 471 1021 520 omnium
1043 472 1219 520 suorum
1237 508 1251 530 ,
1274 472 1433 536 quibus
1454 472 1578 518 salvis

291 547 402 594 orba
421 546 498 592 fibi
516 546 762 594 videbatur.
1177 603 1179 605 ι

362 622 430 666 111.
452 618 578 666 Livia
604 618 802 665 amiserat
830 617 968 665 filium
1009 619 1234 672 Drusum,
1262 634 1470 681 magnum
1505 616 1581 663 fu-

293 707 440 741 turum
469 691 743 755 principem,
773 691 859 737 iam
882 708 1092 755 magnum
1127 693 1298 738 ducem.
1339 694 1581 738 intraverat

294 765 466 828 penitus
481 764 765 811 Germaniam
782 800 795 823 ,
814 777 856 811 et
876 764 937 811 ibi
956 764 1072 827 signa
1087 766 1288 810 Romana
1308 763 1462 810 fixerat
1479 799 1490 820 ,
1505 762 1582 810 ubi

295 839 375 885 vix
405 839 520 886 ullos
547 838 633 885 effe
663 839 890 884 Romanos
911 850 1065 884 notum
1086 849 1191 883 erat,
1230 839 1277 882 In
1295 836 1582 899 expeditione

276 901 744 979 'mviiior-'idecefferass
771 909 870 973 ipsis
900 910 1022 956 illum
1047 908 1245 955 hostibus
1274 926 1462 973 aegrum.
1480 926 1581 956 cum

296 974 584 1032 veneratione
607 995 650 1030 et
673 1000 780 1046 pace
806 994 960 1030 mutua
982 982 1346 1045 prosequentibus
1361 1019 1373 1040 ‚
1400 999 1481 1029 nec
1501 999 1583 1045 op·

296 1066 385 1101 tare
407 1055 529 1118 quod
552 1054 812 1117 expediebat
831 1054 1106 1101 audentibus.
1124 1055 1378 1102 Accedebat
1399 1056 1453 1101 ad
1473 1054 1584 1101 hanc

296 1140 488 1174 mortem
508 1162 522 1184 ,
556 1143 689 1190 quam
725 1128 794 1174 ille
830 1143 914 1189 pro
946 1127 1171 1189 republica
1203 1127 1399 1184 obierat,
1431 1127 1585 1190 ingens

297 1200 466 1246 civium
484 1198 921 1262 provinciarumque,
937 1212 981 1246 et
994 1200 1130 1246 totius
1145 1200 1289 1247 Italiae
1309 1200 1587 1256 desiderium,

297 1286 377 1333 per
391 1287 521 1334 quam
541 1271 683 1318 effusis
700 1271 745 1317 in
765 1271 965 1317 officium
985 1271 1168 1334 lugubre
1188 1271 1437 1333 municipiis
1456 1271 1584 1317 colo-

299 1344 494 1425 niisquef'
517 1360 656 1407 usque
674 1345 718 1390 in
732 1345 884 1390 urbem
905 1344 1080 1390 duflum
1099 1357 1190 1390 erat
1211 1344 1340 1391 funus
1358 1344 1586 1406 triumpho

300 1415 580 1462 fimillimum.
619 1417 727 1462 Non
752 1415 933 1461 licuerat
964 1416 1093 1462 matri
1125 1416 1279 1462 ultima
1311 1416 1389 1462 filii
1410 1415 1588 1472 oscula,

299 1503 560 1554 gratumque
593 1489 777 1535 extremi
806 1489 1056 1536 sermonem
1087 1490 1176 1536 oris
1203 1490 1391 1538 haurire.
1424 1493 1587 1553 Longo

299 1566 455 1613 itin-ere
475 1566 678 1627 reliquias
697 1564 832 1611 Drusi
860 1565 922 1611 sui
943 1565 1197 1629 prosecuta,
1214 1579 1285 1613 tot
1304 1583 1384 1628 per
1404 1582 1586 1614 omnem

299 1639 470 1686 Italiam
494 1638 746 1685 ardentibus
779 1637 928 1700 rogis,
959 1637 1078 1701 quasi
1110 1639 1272 1686 totiens
1305 1638 1430 1686 illum
1457 1639 1587 1700 amit-

300 1721 410 1757 teret
425 1744 438 1767 ,
457 1709 621 1755 irritata
636 1744 650 1767 ,
672 1722 719 1755 ut
738 1709 933 1772 primum
962 1722 1109 1756 tamen
1135 1709 1284 1757 intulit
1307 1710 1510 1769 tumulo,
1535 1709 1590 1756 fi-

242 1775 245 1782 ’
302 1783 397 1829 mul
417 1794 459 1827 et
476 1782 625 1839 illum,
645 1792 689 1827 et
706 1782 913 1828 dolorem
939 1780 1062 1828 suurn
1082 1781 1230 1845 posuit
1251 1800 1262 1829 :
1284 1798 1365 1830 nec
1384 1782 1482 1845 plus
1501 1782 1588 1830 do-

263 1915 265 1919 r
302 1856 385 1903 luit
413 1871 545 1918 quam
579 1869 652 1902 aut
681 1854 916 1901 honestum
946 1870 1038 1903 erat
1067 1855 1270 1914 Caesari,
1296 1867 1372 1914 aut
1398 1872 1590 1919 aequum

299 1929 450 1991 &matri-2.
477 1929 584 1975 Non
602 1928 725 1976 desiit
751 1928 897 1992 itaque
923 1927 1057 1976 Drusi
1077 1928 1139 1976 sui
1158 1929 1377 1976 celebrare
1395 1944 1588 1987 nomen,
1627 1924 1661 1975 μ’
1677 1952 1719 1971 ,ιε

254 1993 261 2001 ’
304 2002 468 2065 ubique
499 2002 620 2047 illum
655 2000 733 2047 fibi
764 2001 973 2064 privatim
1005 2002 1267 2065 publiceque
1296 2001 1589 2064 repraesenta-

303 2092 378 2133 re,
395 2090 438 2121 et
458 2072 732 2119 libentissime
751 2073 806 2119 de
825 2073 902 2119 illo
923 2074 1049 2137 loqui
1068 2109 1081 2131 ‚
1101 2067 1156 2121 de
1179 2073 1260 2121 illo
1282 2074 1434 2120 audire
1453 2090 1464 2118 ε
1485 2088 1588 2120 cum

264 2207 265 2210 Ἰ
303 2146 568 2213 {nemoriani
590 2145 764 2192 alterius
783 2162 920 2192 nemo
941 2145 1086 2213 {Q
1107 2145 1296 2193 retinere
1313 2161 1363 2192 ac
1384 2143 1591 2208 frequen·
1619 2129 1659 2241 sl
1681 2165 1688 2174 ›
1708 2141 1741 2200 ,ἓξ

273 2235 427 2278 ‚tare,
449 2219 556 2283 {prin
586 2218 701 2264 illam
728 2217 894 2274 tristem
921 2218 998 2264 fibi
1023 2218 1239 2279 redderet.
1273 2216 1394 2282 Elige
1413 2216 1590 2281 itaque,
1673 2245 1720 2273 13

305 2306 454 2341 utrum
479 2294 731 2355 exemplum
757 2305 883 2355 putas
904 2290 1192 2355 probabilius.
1210 2290 1241 2336 si
1260 2290 1369 2337 illud
1393 2289 1514 2352 prius
1533 2289 1593 2344 se'·
1680 2324 1693 2353 3
1714 2296 1729 2331 ἶ

307 2368 387 2429 qui
415 2366 511 2424 vis,
539 2359 693 2425 eximis
720 2378 762 2413 te
783 2381 971 2413 numero
997 2364 1235 2420 vivorum3
1263 2362 1529 2412 aversaberis
1548 2374 1592 2409 et

306 2439 474 2488 alienos
505 2440 667 2488 liberos
686 2452 731 2488 et
747 2451 846 2491 tuos
864 2474 880 2499 ,
905 2438 1137 2503 ipsumque
1172 2436 1446 2495 desiderans,
1473 2434 1592 2484 triste
