1741 2919
350 143 436 190 DE
469 141 1017 204 TRANQUILLITATE
1051 141 1248 188 ANIMI.
1354 156 1444 206 245

157 250 329 314 fippum
350 269 359 297 :
382 268 572 313 quorum
602 263 750 298 tamen
776 266 912 298 nemo
933 250 985 297 ad
1014 249 1348 314 Rempuhlicam
1369 266 1446 298 ae-

158 325 309 382 ceffit‚
338 341 473 371 nemo
507 341 598 370 non
624 321 749 370 mifit.
797 324 886 370 Ubi
914 323 1080 388 aliquid
1110 323 1335 383 animum,
1375 324 1449 371 in-

157 398 336 446 solitum
363 395 556 454 arietari,
585 394 787 458 percuffit
802 431 815 452 ‚
836 396 914 443 ubi
941 395 1105 460 aliquid
1127 395 1350 454 occurrit,
1371 411 1451 444 aut¹

158 468 391 534 indignum
423 471 492 529 (ut
517 470 562 515 in
594 467 719 515 omni
750 468 842 516 vita
865 469 1055 516 humana
1079 469 1212 517 multa
1240 469 1355 529 sunt)
1374 481 1448 516 aut

158 559 312 606 parum
333 560 386 591 ex
408 543 523 590 sacili
545 541 683 589 fluens
699 578 712 600 ,
732 555 804 589 aut
825 543 1015 591 multum
1032 543 1248 608 temporis
1266 559 1335 591 res
1356 559 1450 590 non

159 633 324 681 magno
342 615 629 663 aestimandae
648 616 974 679 poposcerunt,
998 617 1054 665 ad
1081 617 1224 666 otium
1251 633 1449 666 conver-

159 705 233 738 tor
248 726 260 748 ‚
286 705 328 737 et
348 690 726 754 quemadmodum
749 691 1012 753 pecoribus,
1033 690 1222 755 fatigatis
1239 707 1420 756 quoque
1434 725 1448 748 ,

160 762 363 811 velocior
383 763 566 810 domum
585 763 743 826 gradus
762 760 822 808 est
836 779 847 808 :
861 762 999 825 placet
1013 764 1127 811 intra
1144 762 1330 827 parietes
1349 763 1454 811 suos

159 836 300 883 vitam
318 837 541 885 coercere.
564 836 713 882 Nemo
727 835 864 882 ullum
885 834 1055 884 auferat
1073 834 1209 894 diem,
1227 836 1336 883 nihil
1354 836 1451 900 dig-

157 927 269 956 num
285 923 412 957 tanto
425 909 658 973 impendio
674 907 937 954 redditurus.
957 908 1033 954 fibi
1051 907 1141 971 ipse
1159 908 1328 957 animus
1346 909 1453 957 hae·

159 996 275 1040 reat,
301 984 342 1031 se
372 984 513 1042 colat,
543 983 654 1031 nihil
678 981 806 1029 alieni
831 995 955 1044 agat,
976 982 1085 1029 nihil
1113 984 1237 1048 quod
1257 984 1311 1031 ad
1334 983 1454 1033 iudi-

160 1072 257 1103 cem
296 1056 454 1119 speffiet
483 1074 493 1103 :
527 1068 698 1104 ametur
737 1070 892 1117 expers
929 1057 1131 1118 publicae
1165 1058 1455 1123 privataeque

160 1148 290 1178 curae
316 1130 619 1194 tranquillitas.
654 1130 739 1176 Sed
760 1130 833 1177 ubi
860 1130 989 1178 leffio
1012 1130 1175 1178 fortior
1201 1131 1340 1179 erexit
1359 1131 1454 1179 ani-

161 1223 283 1254 mum
298 1244 311 1263 ‚
334 1219 376 1253 et
396 1206 572 1253 aculeos
594 1205 880 1253 subdiderunt
900 1208 1100 1271 exempla
1126 1207 1291 1255 nobilia
1312 1225 1323 1254 x
1346 1223 1453 1271 pro-

161 1277 273 1325 filire
298 1280 404 1327 libet
432 1280 477 1326 in
501 1279 649 1328 forum
666 1316 678 1338 ,
705 1282 994 1329 commodare
1023 1282 1147 1331 alteri
1173 1300 1337 1333 vocem
1355 1316 1369 1340 ‚
1391 1285 1454 1332 al-

163 1354 245 1402 teri
271 1372 478 1418 operam,
515 1357 589 1404 etfi
618 1356 724 1404 nihil
754 1356 1034 1419 profuturam
1053 1394 1067 1416 ,
1094 1370 1241 1407 tamen
1264 1375 1454 1408 conatu-

161 1445 255 1476 ram
282 1429 513 1491 prodeffe:
536 1430 716 1477 alicuius
740 1432 948 1479 coercere
976 1431 1023 1478 in
1047 1432 1151 1480 foro
1178 1431 1421 1494 superbiam
1436 1468 1455 1491 ,

162 1502 276 1550 male
301 1502 500 1550 secundis
530 1504 657 1551 rebus
679 1504 790 1551 elati.
828 1507 874 1550 ln
900 1504 1049 1553 studiis
1073 1520 1184 1568 puto
1215 1505 1454 1553 mehercu-

163 1577 205 1625 le
227 1578 380 1625 melius
397 1577 481 1625 effe
499 1595 567 1626 res
587 1578 699 1640 ipsas
718 1579 903 1636 intueri,
927 1594 972 1627 et
992 1580 1147 1627 harum
1168 1579 1291 1627 causa
1306 1580 1453 1643 loqui,

165 1663 360 1698 ceterum
398 1651 533 1698 verba
562 1652 693 1698 rebus
716 1653 1000 1715 permittere,
1026 1665 1074 1700 ut
1101 1669 1188 1716 qua
1220 1654 1456 1712 duxerint,

164 1723 249 1771 hac
283 1722 548 1770 inelaborata
575 1723 783 1787 sequatur
810 1725 970 1772 oratio.
1011 1724 1136 1786 Quid
1166 1741 1282 1788 opus
1300 1725 1363 1772 est
1388 1724 1458 1772 se·

163 1796 276 1844 culis
307 1796 512 1847 duratura
543 1798 859 1860 componere?
893 1798 973 1846 Vis
1010 1811 1060 1844 tu
1090 1813 1183 1844 non
1219 1798 1265 1845 id
1300 1815 1457 1862 agere,

165 1887 221 1918 ne
243 1884 285 1917 te
315 1869 479 1934 posteri
500 1884 669 1920 taceant
691 1871 709 1918 Ρ
736 1872 872 1920 morti
899 1885 1024 1920 natus
1049 1889 1108 1920 es.
1137 1872 1283 1920 minus
1308 1874 1455 1922 mole-

162 1944 342 2008 stiarum
362 1944 495 1992 habet
517 1945 646 1993 funus
674 1948 870 1994 tacitum.
896 1949 1047 2009 Itaque
1067 1948 1320 2010 occupandi
1339 1963 1460 1996 tem-

166 2018 288 2082 poris
306 2017 430 2066 causa
445 2054 457 2076 ,
476 2018 520 2065 in
540 2019 666 2066 usum
683 2032 809 2066 tuum
827 2054 841 2078 ‚
860 2037 950 2067 non
976 2021 1021 2066 in
1039 2021 1328 2082 praeconium
1344 2057 1357 2080 ,
1376 2021 1457 2069 ali-

166 2092 274 2155 quid
305 2090 488 2155 fimplici
518 2091 632 2157 stylo
670 2091 823 2141 scribe.
859 2093 1034 2140 minore
1064 2093 1218 2141 labore
1247 2109 1362 2156 opus
1395 2094 1456 2143 est

168 2164 438 2213 studentibus
457 2165 502 2211 in
524 2166 658 2212 diem.
677 2166 842 2214 Rursus
867 2167 940 2212 ubi
961 2167 1003 2213 se
1027 2167 1200 2214 animus
1217 2167 1456 2230 cogitatio-

169 2239 238 2285 nis
268 2237 566 2302 magnitudine
591 2237 779 2294 levavit,
798 2238 1057 2288 ambitiosus
1076 2238 1120 2285 in
1141 2239 1277 2285 verba
1294 2238 1379 2296 est,
1397 2240 1457 2285 al·-

169 2310 342 2374 tiusque
378 2324 425 2357 ut
454 2310 636 2373 spirare,
670 2311 730 2358 ita
755 2312 904 2375 eloqui
932 2312 1083 2375 gestit,
1111 2324 1152 2358 et
1178 2312 1234 2358 ad
1262 2311 1457 2376 dignita&³

171 2395 260 2431 tem
292 2401 436 2431 rerum
469 2384 559 2430 exit
584 2384 731 2430 oratio
762 2402 772 2431 :
814 2384 975 2431 oblitus
1003 2398 1100 2432 tum
1136 2384 1242 2447 legis
1269 2385 1458 2448 preffio-

171 2457 320 2522 risque
347 2457 526 2514 iudicii,
554 2457 744 2507 sublimis
766 2457 915 2517 feror,
944 2471 987 2507 et
1006 2474 1085 2507 ore
1118 2457 1204 2504 iarn
1229 2474 1322 2505 non
1342 2474 1465 2508 mec»,v

1107 2524 1216 2586 Q}
