1741 2919
373 148 459 196 DE
491 143 1034 206 TRANQUILLITATE
1071 142 1262 189 ANIMI.
1365 141 1454 202 263

173 248 354 315 poffunt
381 261 425 295 et
452 248 560 294 dura
585 245 772 302 molliri,
795 261 839 294 et
859 244 1033 308 angusta
1055 243 1221 302 laxari,
1249 254 1292 290 et
1312 243 1462 306 gravia

176 321 280 370 scite
320 320 508 366 ferentes
540 318 685 364 minus
716 333 931 380 premere.
964 318 1071 362 Non
1109 315 1205 361 sunt
1239 328 1463 377 praeterea

176 393 437 456 cupiditates
469 392 513 438 in
539 391 830 455 longinquum
860 389 1094 435 mittendae
1115 421 1128 443 ‚
1159 389 1231 435 sed
1263 389 1307 433 in
1346 388 1465 435 vici-

176 484 285 514 num
316 466 400 512 illis
434 465 583 529 egredi
615 462 946 526 permittamus,
977 461 1189 524 quoniam
1223 460 1386 507 includi
1410 475 1467 506 ex

177 551 279 587 toto
310 555 402 585 non
422 539 662 601 patiuntur.
691 536 868 584 Reliffls
885 536 980 594 his,
1011 552 1124 599 quae
1149 546 1223 580 aut
1243 551 1333 579 non
1362 533 1469 600 pos-

180 613 278 661 sunt
295 611 391 674 fieri
405 644 419 668 ,
439 624 512 659 aut
530 611 764 658 difficulter
784 609 959 674 possunt
974 646 987 667 ,
1006 624 1146 673 prope
1168 607 1308 670 posita
1323 644 1336 665 ,
1358 607 1469 669 spei·

180 705 268 753 que
293 688 463 735 nostrae
488 687 719 734 alludentia
746 687 1000 750 sequamur:
1033 684 1107 732 sed
1129 683 1336 740 sciamus,
1364 699 1470 729 om-

182 764 256 810 nia
274 779 411 827 aeque
434 763 547 810 levia
576 763 661 809 effe
679 791 693 819 5
722 761 986 808 extrinsecus
1012 759 1203 807 diversas
1233 758 1365 804 facies
1393 758 1473 802 ha·-

181 836 333 884 bentia
350 873 363 894 ‚
386 836 599 883 introrsus
626 835 789 898 pariter
822 849 950 880 vana.
975 834 1072 879 Nec
1098 831 1378 880 invideamus
1406 829 1531 902 ab&

183 908 272 956 tius
299 907 508 954 stantibus
540 925 550 953 ε
580 924 691 970 quae
718 907 884 955 excelsa
916 904 1208 961 videbantur,
1245 914 1475 966 praerupta

185 979 296 1028 sunt.
321 981 385 1027 [lli
406 980 552 1027 rursus
566 1012 580 1034 ‚
614 997 728 1044 quos
747 981 837 1028 sors
859 980 1006 1042 iniqua
1027 979 1071 1024 in
1091 977 1274 1040 ancipiti
1294 976 1474 1040 posuit,

187 1056 375 1103 tutiores
405 1068 534 1103 erunt
569 1055 812 1120 superbiam
856 1054 1128 1102 detrahendo
1157 1053 1288 1099 rebus
1317 1068 1395 1114 per
1432 1050 1477 1099 se

187 1128 410 1192 superbis,
435 1142 478 1175 et
501 1128 722 1174 fortunam
745 1128 861 1174 suam
882 1144 1013 1191 quam
1032 1125 1220 1171 maxime
1238 1135 1449 1188 poterunt
1464 1158 1480 1182 ,

189 1201 237 1249 in
258 1202 432 1263 planum
453 1200 708 1247 deferendo.
730 1197 858 1245 Multi
881 1199 1059 1259 quidem
1081 1195 1175 1243 sunt
1190 1228 1205 1251 ‚
1226 1197 1383 1260 quibus
1402 1213 1480 1243 ne·-

188 1274 371 1323 ceffario
397 1274 666 1320 haerendum
693 1273 743 1320 sit
770 1273 814 1318 in
842 1271 1015 1334 fastigio
1043 1270 1119 1317 suo
1137 1306 1150 1327 ‚
1180 1288 1232 1317 ex
1261 1285 1355 1333 quo
1387 1286 1482 1331 non

191 1348 399 1412 possunt,
431 1346 507 1392 nifi
528 1348 728 1394 cadendo
748 1346 1006 1393 descendere
1025 1362 1034 1390 :
1061 1344 1132 1391 sed
1150 1345 1238 1390 hoc
1256 1344 1398 1406 ipsum
1419 1355 1483 1390 te-

192 1421 382 1478 stentur,
402 1419 642 1466 maximum
659 1436 771 1467 onus
790 1420 913 1466 suum
932 1417 1018 1464 effe
1034 1450 1048 1473 ‚
1069 1418 1192 1480 quod
1210 1417 1302 1464 aliis
1322 1431 1483 1481 graves

193 1493 280 1541 effe
299 1504 515 1560 cogantur
531 1524 545 1548 ,
568 1509 647 1540 nec
668 1492 916 1540 sublevatos
936 1492 977 1538 se
994 1527 1008 1548 ‚
1037 1491 1109 1537 sed
1129 1490 1308 1538 suffixos
1327 1508 1337 1536 :
1359 1488 1484 1535 iusti-

194 1567 254 1616 tia
268 1602 283 1625 ,
309 1566 639 1614 mansuetudine
657 1602 671 1623 ‚
692 1567 880 1613 humana
901 1566 995 1629 lege
1011 1597 1025 1621 ‚
1051 1576 1094 1612 et
1114 1565 1302 1626 benigna
1322 1579 1453 1609 manu
1468 1597 1489 1621 ‚.

196 1654 460 1705 praeparent
486 1640 618 1686 multa
639 1640 694 1686 ad
714 1639 938 1703 sequiores
960 1639 1080 1686 casus
1107 1636 1342 1701 praesidia,
1370 1653 1486 1699 quo-

195 1730 295 1760 rum
311 1713 382 1776 spe
401 1713 590 1760 securius
615 1714 846 1776 pendeant.
866 1713 987 1760 Nihil
1005 1726 1154 1759 tamen
1172 1717 1317 1774 aeque
1333 1711 1414 1757 hos
1430 1710 1489 1756 ab

196 1787 265 1835 his
293 1786 429 1834 animi
458 1785 660 1835 fluetibus
688 1785 1014 1842 vindicaverit,
1047 1803 1179 1850 quam
1207 1785 1379 1848 semper
1407 1783 1489 1831 ali-

199 1878 333 1925 quem
358 1857 639 1906 incrementis
658 1860 893 1906 terminum
914 1858 1076 1923 figere:
1097 1876 1177 1906 nec
1198 1857 1403 1904 fortunae
1417 1873 1489 1903 ar-

201 1934 380 1981 bitrium
407 1933 628 1982 desinendi
649 1935 779 1993 dare,
801 1933 873 1980 sed
895 1933 936 1981 se
962 1932 1105 1994 ipsos,
1132 1933 1275 1979 multo
1303 1932 1489 1995 quidem

202 2010 313 2057 citra
339 2024 532 2058 extrema
551 2047 565 2069 ‚
595 2012 822 2059 hortentur
856 2007 1103 2059 constitere.
1136 2008 1206 2056 Sic
1238 2021 1282 2053 et
1317 2006 1490 2069 aliquae

202 2084 461 2146 cupiditates
487 2083 681 2130 animum
710 2097 894 2142 acuent,
925 2080 997 2134 sed
1018 2081 1191 2134 finitsse:
1212 2076 1302 2131 non
1329 2080 1377 2128 in
1401 2079 1497 2131 ‚im-'r

202 2156 400 2204 mensum
423 2157 724 2220 incertumque
746 2159 1006 2221 producent.

270 2231 349 2274 Xl.
373 2230 442 2274 Ad
468 2228 753 2291 imperfestos
768 2243 810 2279 et
836 2232 1111 2289 mediocres,
1131 2242 1175 2278 et
1199 2232 1311 2278 male
1333 2231 1459 2279 sanos
1474 2249 1494 2290 ‚‘

204 2301 276 2348 hic
307 2319 429 2348 meus
456 2303 598 2349 sermo
629 2304 843 2365 pertinet,
870 2321 961 2350 non
997 2306 1052 2351 ad
1087 2305 1336 2367 sapientem.
1369 2307 1490 2356 Huic

205 2389 298 2420 non
317 2373 468 2420 timide
486 2409 499 2432 ,
528 2391 609 2420 nec
635 2376 901 2436 pedetentim
928 2377 1239 2423 ambulandum
1264 2378 1336 2424 e'st.
1368 2393 1493 2427 tanta

204 2448 324 2498 enim
347 2447 508 2498 fiducia
524 2449 587 2499 sui
609 2449 696 2509 est,
719 2464 767 2498 ut
784 2451 963 2508 obviam
992 2451 1196 2500 fortunae
1213 2453 1276 2502 ire
1295 2469 1388 2503 non
1408 2455 1495 2502 du*

1125 2519 1164 2564 R
1200 2536 1230 2578 4
