1741 2919
364 128 452 177 DE
486 128 881 179 CONSTANTIA
918 126 1230 176 salmuris.
1344 129 1436 189 287

157 238 336 286 excuffit
355 275 368 295 ,
397 250 440 286 et
465 240 532 296 se,
557 239 666 284 urbe
686 249 809 300 capta
830 273 842 293 ,
877 254 965 284 non
997 237 1209 283 invifium
1237 249 1402 283 tantum
1421 272 1435 294 ‚

156 312 228 358 sed
250 312 501 359 indemnem
529 312 614 358 effe
638 311 810 358 testatus
836 310 909 357 est.
932 310 1115 357 habebat
1136 312 1253 357 enim
1285 312 1434 358 secum

154 401 264 431 vera
293 385 432 443 bona,
465 386 508 431 in
535 402 647 448 quae
676 400 766 429 non
795 383 855 430 est
880 401 1034 430 manus
1064 384 1250 431 inietlio.
1294 391 1353 430 At
1383 402 1433 432 ea

155 473 266 518 quae
299 457 490 520 diffipata
520 471 563 504 et
595 457 763 520 direpta
787 457 1063 513 ferebantur,
1094 474 1184 503 non
1215 458 1434 505 itrdsscabat

154 528 253 585 sua,
281 529 353 575 sed
382 529 646 586 adventitia,
687 539 730 576 et
760 529 1143 576 nutum‘fortunae
1177 529 1430 592 sequentia:

152 599 255 647 ideo
287 619 378 649 non
404 616 451 649 ut
476 601 654 665 propria
686 601 907 648 dilexerat.
956 602 1170 648 Omnium
1202 603 1316 648 enim
1350 620 1431 649 ex-

152 674 362 722 trinsecus
385 675 654 722 affluentium
681 674 846 721 lubrica
871 687 914 721 et
942 674 1105 720 incerta
1128 674 1336 736 poffeffio
1357 675 1430 722 est.

152 746 313 810 Cogita
340 765 481 805 nunc,
508 765 561 794 an
593 748 696 794 huic
723 747 793 794 fur
809 785 821 805 ,
840 761 914 794 aut
937 747 1250 804 calumniator,
1274 761 1346 795 aut
1367 751 1432 797 vi·—

152 818 274 867 cinus
298 821 544 884 impotens,
572 835 645 868 aut
666 821 791 868 dives
821 820 974 885 aliquis
999 838 1182 883 regnum
1212 822 1344 868 orbae
1376 823 1435 870 se<-

153 891 334 938 neumis
353 908 586 950 exercens,
611 893 754 941 facere
774 892 974 939 iniuriam
997 892 1128 954 poffit
1143 927 1155 947 ,
1179 891 1249 938 cui
1270 891 1432 940 bellum

150 973 195 1007 et
214 960 348 1008 hostis
371 963 466 1017 ille,
488 964 705 1028 egregiam
733 979 867 1010 artem
898 962 1228 1027 quassandarum
1252 964 1431 1012 urbium

151 1032 388 1094 professus,
418 1037 586 1099 eripere
617 1036 721 1082 nihil
751 1035 909 1099 potuit.
951 1037 1064 1081 Inter
1090 1035 1301 1082 micantes
1326 1037 1430 1083 ubi-
1462 1051 1465 1056 “

149 1122 235 1163 que
253 1107 445 1170 gladios,
473 1122 515 1155 et
542 1108 774 1156 militarem
800 1108 843 1154 in
865 1107 1011 1170 rapina
1035 1106 1266 1153 tumultum
1284 1141 1298 1162 ‚
1319 1107 1432 1156 inter

148 1177 346 1227 flammas
383 1198 425 1229 et
454 1183 704 1246 sanguinem
737 1180 1006 1244 stragemque
1036 1179 1242 1242 impulsae
1272 1182 1433 1229 civita-¹>

147 1251 228 1308 tis,
258 1253 370 1301 inter
395 1254 614 1318 fragorem
647 1254 912 1317 templorum
940 1253 1068 1315 super
1093 1252 1198 1299 deos
1225 1252 1323 1301 suos
1355 1272 1431 1302 ca«

147 1324 343 1372 dentium
361 1363 374 1384 ,
399 1327 474 1373 uni
500 1327 670 1374 homini
691 1344 776 1390 pax
803 1326 897 1374 fuit.
927 1327 1032 1373 Non
1050 1326 1110 1372 est
1129 1325 1277 1389 itaque
1304 1324 1429 1389 quod

146 1398 287 1445 audax
309 1399 477 1448 iudices
498 1401 785 1464 promiffum:
806 1402 929 1448 cuius
958 1400 1062 1458 tibi,
1088 1400 1118 1446 fi
1144 1417 1294 1462 parum
1322 1400 1427 1449 fidei

143 1468 287 1517 habeo
310 1507 324 1528 ‚
356 1472 611 1535 sponsorem
648 1473 778 1520 dabo.
815 1473 901 1518 Vix
932 1473 1049 1520 enim
1082 1472 1226 1519 credis
1255 1483 1423 1519 tantum

143 1541 359 1593 firmitatis
387 1547 430 1593 in
457 1547 713 1602 hominem,
745 1562 818 1594 aut
844 1561 1006 1594 tantam
1037 1546 1172 1593 animi
1198 1546 1423 1609 magnitu-

142 1616 290 1665 dinem
318 1621 485 1667 cadere.
515 1621 586 1667 sed
607 1620 636 1667 fi
663 1622 811 1684 prodit
840 1623 886 1668 in
915 1621 1135 1678 medium,
1171 1619 1247 1682 qui
1277 1621 1391 1666 dicat
1410 1638 1425 1669 ε

207 1692 284 1737 VI.
315 1693 421 1739 Non
447 1693 536 1752 est,
558 1695 680 1757 quod
710 1695 904 1752 dubites,
938 1712 990 1742 an
1026 1694 1178 1741 tollere
1210 1692 1252 1739 se
1282 1693 1425 1740 homo

138 1773 261 1810 natus
285 1764 411 1828 supra
437 1766 624 1813 human-a
650 1767 808 1829 poffit,
842 1786 897 1814 an
916 1769 1095 1815 dolores
1111 1803 1124 1822 ‚
1150 1768 1331 1824 damna,
1356 1767 1422 1813 ul-

139 1834 406 1892 cerafiones,
438 1837 648 1896 yulnera,
676 1856 859 1903 magnos
884 1854 1034 1886 motus
1061 1855 1209 1885 rerum
1241 1838 1356 1884 circa
1379 1839 1420 1883 se

137 1906 416 1956 frementium
443 1911 616 1959 securus
641 1913 874 1974 adspiciat,
896 1913 1063 1959 etdura
1087 1911 1258 1974 placide
1282 1911 1419 1968 ferat,-

137 1991 178 2026 et
196 1981 385 2030 secunda
405 1984 656 2033 moderate:
674 2001 755 2031 nec
775 1985 856 2031 illis
871 1985 1053 2039 cedens,
1078 2000 1156 2029 nec
1175 1983 1241 2028 his
1262 1981 1418 2040 fretus,

137 2070 248 2101 unus
271 2055 476 2120 idemque
499 2056 613 2103 inter
632 2057 802 2104 diversa
818 2057 897 2115 fit,
925 2073 1004 2103 nec
1023 2055 1265 2119 quidquam
1291 2053 1416 2100 suum

135 2128 214 2175 nifi
245 2130 286 2177 se
311 2142 432 2194 putet
456 2130 564 2189 effe,
595 2148 645 2178 ea
673 2148 854 2195 quoque
881 2144 1003 2194 parte
1036 2147 1122 2193 qua
1152 2129 1310 2176 melior
1340 2129 1416 2176 est,

136 2202 201 2246 En
221 2202 367 2249 adsum
395 2202 485 2250 hoc
516 2203 650 2252 vobis
678 2203 968 2267 probaturus,
993 2202 1072 2248 sub
1100 2202 1183 2249 isto
1205 2203 1275 2248 tot
1298 2201 1417 2249 civi-

135 2285 269 2320 tatum
291 2276 513 2332 eversore,
535 2276 805 2322 munimenta
831 2275 1002 2322 incussu
1026 2275 1167 2321 arietis
1193 2273 1413 2332 labefieri,

134 2361 176 2392 et
207 2346 391 2392 turrium
424 2346 699 2393 altitudinem
732 2347 946 2395 cuniculis
980 2364 1029 2394 ac
1059 2346 1291 2394 latentibus
1323 2346 1416 2392 fos-

132 2415 184 2464 sis
207 2432 384 2481 repente
404 2420 594 2469 residere
607 2455 621 2481 ,
641 2435 684 2469 et
711 2432 996 2484 aequaturum
1027 2419 1279 2478 editiffimas
1299 2436 1419 2468 arces
