1741 2919
310 157 773 206 coNsoLATm
809 154 897 204 AD
934 155 1275 204 MARCIAM.
1348 172 1439 220 199

155 264 367 314 verticem
389 263 624 330 stringere)
646 264 815 310 stratam
834 264 951 310 illam
970 263 1213 310 fabulosam
1231 263 1439 325 Charyb-

154 340 272 399 dim,
302 341 515 404 quamdiu
537 341 590 387 ab
607 339 751 386 austro
770 352 923 395 vacat3
943 332 1032 385 atsi
1053 339 1159 401 quid
1177 338 1278 385 inde
1298 339 1437 386 vehe-

154 415 345 462 mentius
376 414 582 477 spiravit,
612 429 774 476 magno
801 413 919 460 hiatu
951 412 1270 475 profundoque
1306 410 1438 458 navi-

152 486 224 550 gia
251 486 512 534 sorbentem.
547 486 729 533 Videbis
761 487 1140 533 celebratiffimum
1169 483 1437 532 carminibus

152 560 326 607 fontem
348 559 598 606 Arethusam
616 592 630 614 ‚
653 559 891 605 nitidissimi
911 576 960 607 ac
979 558 1190 623 perlucidi
1213 558 1267 604 ad
1297 559 1437 604 imum

152 632 315 697 stagni,
347 631 621 696 gelidiffimas
649 650 780 696 aquas
806 632 1148 695 profundentem
1177 649 1187 678 :
1219 631 1310 677 five
1344 630 1437 677 illas

85 706 87 719 ¹
152 705 214 751 ibi
239 705 429 768 primum
459 706 680 753 nascentes
704 706 903 764 invenit,
928 707 1016 754 five
1043 705 1292 752 immersum
1314 705 1438 751 terris

152 776 318 824 flumen
345 778 561 841 integrum
593 779 737 826 subter
766 790 833 824 tot
860 779 1026 836 maria,
1056 790 1099 825 et
1124 795 1147 823 a
1176 775 1436 823 confusione

150 851 316 918 peioris
344 852 484 899 undae
517 853 764 907 servatum,
795 852 998 898 reddidit.
1035 850 1216 898 Videbis
1251 864 1435 912 portum

150 925 460 988 quietissimum
485 928 722 985 omnium,
759 945 874 991 quos
908 939 980 974 aut
1012 938 1165 973 natura
1204 924 1349 988 posuit
1388 925 1435 971 in

148 1001 326 1046 tutelam
352 1001 539 1048 claffium
559 1038 572 1059 ‚
604 1014 675 1048 aut
695 1002 866 1049 adiuvit
893 1017 1046 1047 manus
1062 1037 1074 1058 ,
1097 999 1154 1045 fic
1181 1009 1324 1044 tutum
1341 1032 1353 1055 ,
1386 1011 1435 1044 ut

148 1089 206 1119 ne
228 1074 512 1120 maximarum
536 1076 715 1137 quidem
736 1074 1037 1137 tempestatum
1061 1072 1199 1119 furori
1221 1072 1343 1118 locus
1373 1070 1435 1117 fit.

148 1144 332 1192 Videbis
353 1147 427 1192 ubi
450 1147 716 1193 Athenarum
745 1147 940 1209 potentia
966 1146 1126 1191 frasta:
1149 1143 1225 1189 ubi
1245 1159 1313 1189 tot
1336 1141 1435 1187 mil-

148 1216 202 1263 lia
229 1219 508 1281 captivorum
528 1257 539 1276 ‚
567 1220 636 1266 ille
656 1220 804 1266 excisis
838 1220 880 1265 in
912 1217 1125 1265 infinitam
1156 1216 1434 1263 altitudinem

147 1289 282 1343 saxis,
314 1284 548 1338 lautumius
574 1309 719 1338 carcer
746 1292 976 1339 incluserat
1001 1309 1012 1335 τ
1042 1292 1175 1355 ipsam
1209 1289 1433 1352 ingentem

145 1363 370 1411 civitatem
390 1401 402 1423 ,
433 1378 475 1411 et
502 1365 641 1412 laxius
667 1367 868 1413 turritam
889 1404 900 1424 ‚
931 1384 1061 1431 quam
1086 1366 1322 1412 multarum
1353 1380 1431 1410 ur-

145 1435 267 1481 bium
289 1435 396 1483 fines
415 1436 494 1482 sint
511 1454 523 1482 t
541 1439 801 1500 tepidiffima
822 1440 1004 1486 hiberna
1019 1475 1032 1494 ,
1066 1450 1109 1485 et
1127 1437 1294 1484 nullum
1314 1435 1432 1482 diem

146 1509 234 1558 fine
255 1511 506 1560 interventu
526 1515 646 1562 solis.
675 1516 759 1562 Sed
781 1533 880 1563 cum
914 1515 1063 1562 omnia
1089 1513 1166 1560 ista
1197 1527 1432 1576 cognove-

146 1583 233 1642 ris,
261 1584 405 1647 gravis
424 1598 467 1631 et
491 1585 715 1634 insalubris
736 1587 867 1634 aestas
888 1587 1057 1633 hiberni
1084 1586 1196 1633 coeli
1219 1582 1431 1632 beneficia

145 1669 416 1719 corrumpet.
436 1658 529 1704 Erit
551 1659 796 1723 Dionysius
818 1660 905 1708 illic
929 1674 1145 1723 vtyrannus
1161 1694 1174 1714 ‚
1191 1656 1400 1704 libertatis
1416 1687 1432 1710 ,

146 1723 352 1796 iustitiae,
372 1728 516 1791 legum
535 1730 719 1777 exitium
733 1766 747 1788 ‚
765 1730 1081 1777 dominationis
1098 1729 1282 1793 cupidus
1299 1728 1430 1775 etiarn

145 1798 246 1862 post
266 1800 488 1847 Platonem
506 1837 519 1858 ‚
535 1804 653 1849 vitae
673 1804 803 1868 etiam
825 1803 923 1867 post
936 1803 1129 1851 exsilium
1153 1822 1162 1849 :
1181 1803 1286 1849 alios
1305 1813 1431 1857 uret,

144 1873 254 1920 alios
283 1875 559 1934 verberabit,
594 1868 702 1925 alios
733 1877 793 1924 ob
830 1878 975 1925 levem
1012 1876 1222 1923 offensam
1260 1874 1432 1922 iubebit

143 1949 418 1998 detruncari:
440 1951 617 2000 arceffet
637 1953 690 1998 ad
711 1952 936 1998 libidinem
965 1968 1105 1999 mares
1122 1950 1407 2014 feminasque·
1414 1985 1431 2008 ,

141 2036 187 2072 et
213 2024 327 2072 inter
352 2025 511 2073 foedos
541 2026 685 2089 regiae
705 2026 1068 2089 intemperantiae
1096 2041 1248 2089 greges
1273 2040 1429 2088 parum

142 2097 227 2144 erit
245 2097 367 2145 fimul
386 2099 498 2146 binis
519 2099 656 2147 coire.
678 2098 846 2145 Audisti
865 2100 972 2162 quid
996 2113 1039 2147 te
1061 2097 1249 2145 invitare
1268 2096 1399 2159 poffit
1413 2129 1428 2152 ‚

141 2168 251 2229 quid
276 2168 541 2218 absterrere:
562 2171 751 2234 proinde
771 2182 844 2217 aut
863 2170 1019 2234 naviga
1034 2207 1047 2229 ,
1068 2182 1140 2217 aut
1153 2170 1307 2217 resiste.
1329 2169 1430 2216 Post

142 2238 254 2286 hanc
271 2240 644 2288 denuntiationem
664 2277 678 2300 ‚
704 2240 734 2287 fi
753 2243 848 2306 quis
867 2241 1043 2290 dixisset
1061 2243 1221 2290 intrare
1238 2245 1278 2289 se
1297 2243 1430 2306 Syra-

142 2312 262 2361 cusas
280 2316 419 2375 velle‚
449 2316 601 2365 satisne
619 2316 772 2363 iustam
793 2317 1017 2381 querelam
1038 2318 1092 2365 de
1117 2317 1236 2375 ullo,
1264 2316 1341 2363 nisi
1372 2317 1428 2364 de

141 2386 185 2433 se
200 2421 213 2443 ‚
240 2387 396 2434 habere
415 2391 559 2453 posset
576 2426 588 2448 ‚
619 2390 694 2453 qui
713 2407 807 2437 non·
824 2390 1034 2439 incidisset
1054 2392 1097 2437 in
1116 2391 1185 2438 illa
1199 2427 1211 2449 ‚
1229 2391 1299 2439 sed
1320 2396 1428 2454 pru-

142 2458 249 2507 dens
265 2460 490 2526 sciensque
505 2462 690 2512 venisset
706 2463 723 2511 ?
744 2463 1099 2528 Diciteomnibus
1115 2465 1243 2512 nobis
1259 2478 1432 2514 natura:

1058 2531 1099 2576 N
1135 2547 1166 2591 4
