1741 2919
394 57 403 78 ὃ

317 137 381 202 96
548 138 596 182 L.
645 135 1383 182 ANNAfflSENECAE

318 259 467 292 rerum
488 242 736 305 suspicione
762 241 1003 291 feriuntur:
1022 244 1135 291 adeo
1158 244 1339 307 quidem
1356 280 1370 304 ,
1399 257 1447 293 ut
1472 245 1611 294 inter-

317 317 424 363 dum
444 315 622 362 iniurias
639 326 805 363 vocent
826 315 1003 364 modica
1024 315 1266 373 beneficia,
1288 317 1334 364 in
1349 319 1507 382 quibus
1524 319 1610 366 fre-

317 390 594 454 quentiffima
608 424 621 445 ,
640 403 756 443 certe
777 391 1046 438 acerbiffima
1062 393 1315 441 iracundiae
1334 394 1513 441 materia
1536 394 1612 442 est.

317 465 559 512 Cariffimis
578 464 695 512 enim
716 465 940 513 irascimur
956 503 970 526 ,
1000 468 1125 532 quod
1142 468 1317 515 minora
1333 469 1464 517 nobis
1487 487 1611 533 prae-

317 539 532 598 stiterint,
558 556 689 603 quam
720 551 866 587 mente
901 541 1213 605 concepimus,
1243 559 1373 606 quam
1401 559 1514 606 quae
1542 540 1614 589 alii

317 614 524 661 tulerint:
547 630 650 661 cum
680 613 909 677 utriusque
943 615 1006 661 rei
1042 627 1241 677 paratum
1270 616 1519 663 remedium
1549 615 1613 664 fit.

319 688 461 752 'Magis
482 686 606 734 alteri
629 684 838 733 iudulfit?
873 687 1021 734 nostra
1041 704 1123 735 nos
1151 688 1239 736 fine
1273 689 1610 753 comparatione

319 760 551 807 deleRent.
575 775 801 824 nunquam
821 759 903 806 erit
931 760 1062 819 felix,
1099 778 1232 824 quem
1255 763 1482 826 torquebit
1512 761 1612 808 feli-

320 833 431 880 cior.
461 827 614 880 Minus
642 833 788 881 habeo
821 852 955 899 quam
980 835 1190 898 speravi?
1218 836 1291 883 sed
1314 835 1488 883 fortasse
1514 835 1612 898 plus

320 908 521 972 speravi,
544 925 674 973 quam
705 909 853 955 debui.
883 910 1005 956 Haec
1036 926 1136 973 pars
1164 909 1357 956 maxime
1379 907 1613 956 metuenda

320 985 385 1031 est
404 1003 416 1032 :
439 985 542 1032 binc
569 983 955 1048 perniciofiffimae
974 986 1064 1032 irae
1086 986 1350 1044 nascuntur,
1372 998 1415 1030 et
1441 981 1614 1030 [3ηᾶὶῖ-

317 1058 427 1105 fima
443 1076 646 1123 quaeque
674 1057 918 1105 invasurae.
939 1059 1115 1107 Divum
1138 1060 1294 1106 Iulium
1319 1058 1466 1122 plures
1484 1055 1613 1104 amici

311 1132 635 1190 confecerunt,
655 1149 786 1195 quam
807 1131 1004 1189 inimici,
1035 1149 1228 1195 quorum
1250 1148 1342 1179 non
1364 1131 1616 1195 expleverat

312 1209 417 1289 spes
445 1206 745 1271 inexplebiles.
774 1205 932 1253 Voluit
966 1207 1147 1269 quidem
1183 1205 1290 1252 ille·
1320 1220 1463 1268 neque
1495 1202 1615 1250 enim

263 1287 266 1290 ’
317 1281 555 1346 quisquam
580 1278 796 1327 liberalius
814 1279 1001 1327 vissoria
1019 1279 1119 1327 usus
1136 1278 1217 1337 est,
1236 1296 1291 1325 ex
1309 1295 1397 1342 qua
1415 1276 1522 1323 nihil
1536 1275 1615 1323 fibi

317 1356 592 1414 vindicavit,
612 1356 687 1403 nisi
711 1356 987 1419 dispensandi
1007 1355 1290 1420 potestatem:
1310 1354 1380 1402 sed
1398 1352 1614 1417 quemad-

313 1430 506 1477 ·modum
524 1429 720 1477 sufficere
737 1441 825 1476 tam
842 1430 1061 1494 improbis
1080 1428 1302 1476 desideriis
1323 1427 1492 1491 poffet,
1512 1443 1614 1474 cum

315 1516 490 1552 tantum
537 1520 692 1551 omnes
731 1504 1098 1566 concupiscerent
1121 1536 1136 1559 ,
1187 1515 1401 1566 quantum
1440 1511 1614 1565 poterat

313 1594 431 1625 unus
450 1578 468 1624 ἓ
489 1577 614 1624 Vidit
643 1578 788 1641 itaque
818 1577 970 1625 striffis
996 1578 1110 1625 circa
1145 1576 1288 1624 sellam
1309 1575 1426 1622 suam
1459 1574 1613 1639 gladiis

316 1651 650 1699 commilitones
679 1652 810 1708 suos,
845 1651 1080 1699 Cimbrum
1115 1650 1311 1699 Tullium
1349 1648 1612 1696 acerrimum

313 1726 452 1790 paulo
484 1741 584 1773 ante
622 1727 796 1773 suarum
844 1726 1032 1790 partium
1069 1726 1379 1783 defensorem,
1419 1724 1615 1788 aliosque

307 1798 416 1861 post
436 1798 699 1861 Pompeium
723 1801 902 1848 demum
925 1800 1235 1864 Pompeianos.

384 1872 562 1917 XXXI.
600 1873 723 1920 Haec
758 1890 825 1920 res
855 1873 928 1921 sua
959 1874 1005 1921 in
1039 1890 1166 1938 reges
1202 1890 1322 1921 arma
1360 1873 1614 1934 convertit,

311 1943 636 2009 *fidiffimosque
656 1949 725 1992 veo
753 1946 998 2010 compulit,
1029 1960 1077 1994 ut
1100 1947 1155 1993 de
1185 1959 1331 1993 morte
1354 1964 1508 1994 eorum
1533 1964 1614 1994 co-

314 2018 509 2082 gitarent
527 2051 541 2074 ‚
562 2034 648 2080 pro
666 2019 822 2081 quibus
843 2032 886 2067 et
914 2035 1014 2067 ante
1040 2035 1158 2083 quos
1184 2019 1328 2077 mori,
1359 2032 1517 2066 votum
1537 2020 1616 2066 ha-

314 2091 518 2139 buerant.
542 2091 662 2138 Nulli
682 2092 735 2137 ad
752 2092 887 2139 aliena
907 2092 1183 2154 respicienti,
1217 2092 1289 2138 sua
1307 2092 1490 2154 placent.
1508 2091 1618 2139 Inde

317 2163 405 2210 diis
424 2180 605 2228 quoque
622 2163 877 2222 irascimur,
911 2164 1036 2227 quod
1055 2163 1213 2227 aliquis
1241 2179 1334 2210 non
1358 2165 1616 2223 antecedat,

319 2236 449 2283 obliti
476 2247 687 2300 quantum
710 2235 943 2282 hominum
974 2252 1098 2284 retro
1130 2236 1208 2294 fit,
1244 2247 1288 2283 et
1315 2237 1464 2300 paucis
1499 2238 1616 2285 invi-

317 2310 472 2357 dentes
504 2323 715 2374 quantum
737 2309 940 2374 sequatur
966 2327 990 2356 a
1023 2322 1152 2375 tergo
1188 2311 1375 2374 ingentis
1407 2310 1617 2359 invidiae.

321 2384 463 2429 Tanta
482 2395 628 2430 tamen
659 2384 973 2446 importunitas
1007 2384 1240 2429 hominum
1271 2383 1354 2443 est,
1384 2398 1432 2431 ut
1460 2401 1615 2448 quam-

320 2455 392 2504 vis
409 2455 595 2505 multum
611 2455 881 2521 acceperint,
903 2455 1086 2505 iniuriae
1104 2456 1209 2505 loco
1227 2455 1306 2518 fit,
1324 2457 1420 2521 plus
1438 2457 1613 2520 accipe-
