1741 2919
317 182 377 230 52
578 169 624 215 L.
671 168 1379 215 Aur-marsnuecsffl

312 290 397 322 nec
425 274 586 323 volunt
611 276 760 325 obeffe
780 312 795 334 ,
830 293 911 324 nec
944 275 1132 341 possunt.
1167 278 1336 323 Natura
1372 276 1490 324 enim
1525 277 1606 326 illis

313 345 433 392 mitis
454 357 497 393 et
521 346 688 409 placida
704 346 766 394 est
782 383 797 407 ‚
823 358 914 394 tam
945 348 1078 412 longe
1102 349 1350 402 remotaab
1375 348 1511 397 aliena
1530 351 1602 396 in-

309 419 421 466 iuria
436 455 457 495 ,1
478 436 611 483 quam
639 421 774 491 qua.
804 423 1048 470 Dementes
1065 422 1213 487 itaque
1239 438 1283 470 et
1307 422 1451 486 ignari
1479 426 1605 471 veri-

309 496 411 543 tatis·
431 531 444 554 ‚
467 495 551 543 illis
570 496 788 560 imputant
804 497 1031 546 *saevitiam
1052 498 1181 546 maris
1198 535 1212 557 ‚
1230 498 1499 546 immodicos
1517 499 1604 546 im-

312 569 410 617 bres
425 604 438 628 ,
458 570 740 633 pertinaciam
761 570 919 618 hiemis
939 588 950 617 ε
970 587 1073 620 cum
1093 571 1270 618 interim
1288 570 1396 618 nihil
1412 572 1574 620 horum
1587 609 1602 630 ,

308 659 421 708 quae
442 643 570 690 nobis
598 656 763 691 nocent
788 644 1060 706 prosuntve‚
1097 645 1151 692 ad
1173 661 1256 691 nos
1275 644 1455 708 proprie
1494 646 1602 692 diri-

308 727 449 780 gatur.
475 717 583 764 Non
606 717 724 764 enim
751 733 834 764 nos
859 718 985 765 causa
1005 719 1175 767 mundo
1205 718 1352 766 sumus
1368 751 1382 775 s
1407 718 1601 766 hiemem

305 788 601 853 aestatemque
620 788 852 837 referendi.
881 790 974 837 suas
997 788 1074 837 ista
1099 790 1215 854 leges
1234 790 1396 838 habent
1409 827 1425 849 ,
1443 791 1606 855 quibus

306 862 462 910 divina
494 876 767 913 exercentur.
798 863 943 912 Nimis
979 880 1061 911 nos
1093 863 1348 928 suspicimus
1368 896 1383 919 ‚
1413 864 1444 911 fi
1475 865 1600 929 digni

307 937 440 985 nobis
459 937 686 995 videmur,
706 950 891 1002 propter
910 954 1023 1003 quos
1040 949 1157 985 tanta
1176 949 1457 985 moveantur.
1476 939 1601 985 Nihil

304 1027 415 1075 ergo
436 1012 596 1058 horum
616 1013 663 1058 in
692 1012 884 1060 nostram
910 1012 1116 1061 iniuriam
1135 1011 1185 1058 fit
1207 1030 1219 1059 x
1250 1012 1392 1059 immo
1411 1026 1566 1060 contra
1586 1049 1602 1070 ‚

308 1086 417 1132 nihil
439 1102 533 1134 non
555 1086 609 1133 ad
636 1086 832 1135 salutern.
863 1087 1096 1149 Quaedam
1120 1086 1208 1135 effe
1231 1086 1424 1134 diximus
1444 1122 1459 1143 ‚
1487 1103 1603 1150 quae

309 1175 474 1207 nocere
507 1177 598 1207 non
628 1161 834 1223 possunt:
857 1161 1102 1225 quaedam,
1132 1177 1243 1224 quae
1263 1159 1434 1208 nolunt.
1467 1163 1515 1207 In
1534 1161 1604 1208 his

306 1245 438 1280 erunt
463 1233 572 1280 boni
598 1233 892 1299 magistratus,
921 1246 1236 1298 parentesque,
1264 1244 1309 1280 et
1336 1229 1601 1297 praecepto-

307 1324 407 1367 *τρες
431 1318 474 1354 et
493 1308 686 1357 iudices:
703 1324 895 1372 quorum
914 1308 1142 1372 castigatio
1162 1307 1220 1356 sic
1240 1308 1496 1372 accipienda
1517 1308 1602 1367 est,

306 1380 546 1443 quomodo
574 1379 829 1444 scalpellum
850 1416 865 1436 ‚
898 1392 943 1428 et
971 1380 1228 1428 abstinentia
1253 1413 1269 1437 ,
1302 1395 1346 1427 et
1379 1380 1460 1429 alia
1486 1396 1601 1444 quae

308 1453 544 1517 profutura
563 1465 786 1519 torquent.
813 1452 970 1503 Affeui
987 1456 1135 1503 sumus
1152 1460 1334 1520 poena?
1356 1455 1601 1512 succurrat,

310 1545 405 1576 non
432 1541 603 1576 tantum
629 1529 739 1593 quid
765 1529 1012 1591 patiamur,
1039 1528 1114 1577 sed
1133 1529 1240 1593 quid
1267 1528 1504 1578 fecerimus
1523 1547 1534 1575 z
1553 1531 1600 1576 in

310 1601 541 1649 confilium
561 1601 616 1649 de
637 1600 728 1649 vita
757 1600 903 1648 nostra
925 1600 1164 1650 mittamur.
1181 1601 1224 1648 Si
1243 1618 1403 1651 verum
1423 1602 1503 1666 ipfi
1528 1604 1601 1649 di-

308 1692 411 1723 cere
431 1674 560 1724 nobis
576 1670 851 1723 voluerimus
863 1710 876 1734 ‚
895 1673 1031 1738 pluris
1049 1675 1172 1723 litem
1190 1674 1383 1723 nostram
1403 1675 1600 1723 aestima-

306 1747 466 1797 bimus.
484 1749 528 1796 Si
547 1748 755 1798 volumus
772 1747 901 1810 aequi
919 1747 1121 1795 omnium
1139 1764 1286 1795 rerum
1306 1745 1472 1796 iudices
1484 1749 1601 1807 effe,

307 1823 397 1871 hoc
427 1823 621 1887 primum
658 1823 787 1870 nobis
823 1822 1104 1881 suadeamus,
1135 1823 1360 1872 neminem
1399 1822 1601 1870 nostrum

306 1897 396 1944 effe
413 1896 502 1945 sine
520 1897 664 1961 culpa.
686 1896 803 1945 Hinc
822 1894 940 1943 enim
964 1895 1158 1943 maxima
1176 1894 1424 1959 indignatio
1441 1895 1601 1944 oritur.

305 1971 432 2019 Nihil
443 1971 653 2035 peccavi,
673 1971 782 2019 nihil
797 1970 884 2019 feci
901 1987 912 2017 :
932 1969 1074 2017 immo
1088 1969 1196 2016 nihil
1210 1969 1375 2018 fateris.
1392 1969 1599 2033 Indigna-

306 2060 408 2092 mur
425 2045 571 2110 aliqua
591 2044 898 2092 admonitione
927 2056 1001 2092 aut
1021 2042 1294 2092 coercitione
1317 2058 1400 2089 nos
1419 2042 1601 2106 castiga-

307 2129 379 2166 tos
398 2135 413 2166 x
436 2137 536 2167 cum
562 2119 640 2167 illo
670 2118 765 2183 ipso
794 2130 996 2182 tempore
1025 2131 1259 2180 peccemus
1275 2151 1290 2175 ,
1321 2128 1417 2180 quo
1443 2115 1599 2162 adiici·-

308 2207 407 2238 mus
420 2191 658 2240 malefaffis
671 2190 967 2256 arrogantiam
987 2203 1030 2238 et
1049 2188 1386 2236 contumaciam.
1405 2187 1600 2247 Quisest

307 2260 413 2318 iste,
443 2264 518 2328 qui
539 2263 581 2313 se
605 2262 841 2328 profitetur
859 2261 1066 2310 omnibus
1088 2260 1257 2324 legibus
1275 2258 1597 2305 innocentem?

308 2340 373 2385 Ut
388 2339 477 2387 hoc
495 2339 554 2387 ita
573 2339 646 2397 fit,
664 2356 794 2404 quam
817 2336 993 2402 angusta
1008 2335 1260 2383 innocentia
1274 2334 1359 2392 est,
1379 2335 1435 2381 ad
1453 2333 1598 2397 legem

307 2410 478 2459 bonum
509 2413 631 2461 effe?
664 2427 831 2478 quanto
858 2411 984 2458 latius
1007 2409 1261 2458 officiorum
1283 2419 1429 2472 patet,
1462 2423 1596 2470 quam

312 2487 401 2536 uris
421 2487 606 2553 regula?
627 2504 762 2553 quam
787 2488 926 2539 multa
945 2485 1084 2550 pietas
1101 2520 1116 2548 ,
1143 2484 1415 2545 humanitas,
1433 2482 1595 2531 libera-
