1741 2919
465 169 756 218 DEIRA
805 169 1104 220 L1132111.
1357 183 1440 217 101

150 292 225 325 me
258 276 426 326 causam
459 277 578 326 dico.
600 293 703 324 cum
733 276 951 324 sublatum
975 294 1000 325 e
1022 277 1262 342 conspeflu
1290 279 1448 327 lumen·

150 349 213 398 est
231 385 245 407 ,
263 361 306 397 et
323 349 540 397 conticuit
565 366 681 397 uxor
699 348 836 396 moris
854 349 939 396 iam
961 349 1049 395 mei
1068 351 1270 408 conscia,
1293 363 1442 398 totum

150 422 269 469 diem
299 438 471 471 mecum
499 421 699 478 scrutor,
719 421 827 470 facta
861 439 911 470 ac
941 423 1056 471 dieta
1089 440 1188 471 mea
1215 424 1447 473 remetiors

147 495 273 552 Nihil
291 495 399 543 mihi
419 495 509 558 ipse
530 495 757 544 abscondo
772 528 787 552 ‚
813 495 921 543 nihil
939 496 1112 544 transeo
1131 514 1142 544 :
1164 515 1300 562 quare
1322 499 1442 547 enim

149 567 394 632 quidquam
414 584 468 614 ex
486 568 710 616 erroribus
727 568 835 616 meis
853 568 1032 616 timeam
1045 604 1058 627 ‚
1075 586 1176 616 cum
1198 569 1357 632 possim
1377 569 1445 616 di-

148 655 274 686 cere:
295 640 409 686 Vide
426 655 483 686 ne
499 639 612 686 istud
632 640 819 703 amplius
835 639 989 699 facias,
1010 658 1127 687 nunc
1145 640 1225 688 tibi
1242 640 1445 704 ignosco,

148 713 197 757 In
218 712 289 758 illa
312 712 607 775 disputatione
625 714 865 777 pugnacius
884 714 1060 760 locutus
1078 730 1148 760 es:
1177 713 1270 760 noli
1290 712 1443 776 postea

146 785 361 850 congredi
389 804 492 834 cum
523 787 753 850 imperitis.
788 787 947 834 nolunt
982 786 1146 834 discere
1166 823 1179 845 ‚
1214 786 1291 850 qui
1325 804 1442 834 nun-

147 875 280 922 quam
316 860 581 908 didicerunt.
614 861 741 908 Illum
770 860 948 907 liberius
978 859 1273 916 admonuisti,
1309 877 1444 925 quam

149 932 355 982 debebas.
373 933 520 1000 itaque
545 951 638 982 non
655 934 921 991 emendasti,
944 934 1015 982 sed
1036 933 1273 981 offendisti.
1293 935 1347 981 de
1368 951 1442 983 ce-

148 1016 250 1053 tero
275 1006 402 1066 vide,
425 1024 518 1054 non
537 1020 705 1056 tantum
735 1025 790 1055 an
807 1024 968 1057 verum
989 1006 1037 1053 lit
1060 1007 1187 1071 quod
1206 1005 1315 1055 dicis
1331 1042 1345 1067 ‚
1370 1006 1445 1055 sed

147 1094 203 1126 an
228 1079 303 1127 ille
322 1082 392 1129 cui
411 1081 600 1142 dicitur,
621 1082 719 1131 veri
739 1082 907 1145 patiens
929 1081 992 1129 sit.

212 1154 458 1202 XXXVII.
473 1156 723 1203 Admoneri
740 1155 884 1203 bonus
897 1154 1055 1218 gaudet
1072 1171 1081 1200 :
1103 1154 1307 1216 pessimus
1321 1154 1445 1220 quis-⁵

147 1242 234 1290 que
249 1240 557 1291 correptorem
577 1228 813 1291 asperrime
828 1228 1004 1291 patitur,
1025 1229 1074 1272 In
1095 1228 1315 1276 convivio
1331 1246 1444 1293 quo-

146 1301 333 1348 rundam
353 1313 396 1350 te
416 1302 546 1359 sales,
581 1319 623 1350 et
641 1303 687 1350 in
707 1303 915 1350 dolorem
934 1313 1058 1348 tuum
1083 1301 1192 1348 ia&a
1211 1303 1347 1351 verba
1376 1317 1443 1350 te-

147 1374 370 1435 tigerunt?
401 1375 542 1424 vitare
563 1375 766 1438 vulgares
793 1374 1025 1422 convictus
1054 1390 1298 1423 memento.
1326 1376 1444 1423 solu-

147 1448 238 1495 tior
270 1447 332 1495 est
363 1449 461 1512 post
486 1450 645 1497 vinum
663 1449 860 1505 licentia,
887 1449 990 1513 quia
1015 1466 1070 1495 ne
1088 1449 1242 1497 sobriis
1263 1450 1443 1513 quidem

148 1521 297 1583 pudor
313 1521 391 1568 est.
416 1524 580 1570 Iratum
605 1522 754 1570 vidisti
773 1523 967 1569 amicum
990 1535 1115 1570 tuum
1135 1523 1315 1571 ostiario
1337 1542 1445 1573 cau-

148 1591 272 1641 fidici
290 1593 472 1641 alicuius
489 1629 503 1651 ,
522 1609 594 1641 aut
615 1593 787 1651 divitis,
807 1595 931 1658 quod
953 1595 1184 1643 intrantem
1207 1596 1446 1647 submove-

147 1675 213 1711 rat
232 1681 244 1711 :
263 1676 307 1711 et
332 1663 424 1727 ipse
447 1681 531 1728 pro
561 1664 639 1712 illo
657 1665 792 1712 iratus
819 1680 1020 1714 extremo
1055 1667 1279 1731 mancipio
1311 1668 1445 1716 fuisti.

147 1737 348 1785 Irasceris
367 1754 479 1801 ergo
501 1738 724 1786 catenario
745 1738 873 1786 cani?
893 1751 935 1786 et
955 1739 1027 1787 hic
1046 1757 1146 1787 cum
1165 1741 1353 1791 multum
1373 1743 1440 1789 la-

149 1811 313 1870 travit,
345 1810 524 1858 obie&o
549 1810 654 1858 cibo
682 1811 953 1859 mansuescit.
980 1812 1136 1860 recede
1163 1812 1337 1876 longius
1355 1849 1368 1872 ‚
1401 1824 1448 1861 et

151 1885 260 1933 ride.
285 1886 420 1933 Nunc
443 1884 519 1932 iste
543 1884 733 1949 aliquem
755 1885 797 1933 se
815 1897 966 1950 putat,
992 1886 1117 1950 quod
1141 1886 1331 1934 custodit
1353 1888 1446 1936 liti-2

149 1974 355 2024 gatorum
388 1960 518 2008 turba
549 1960 685 2007 limen
712 1961 946 2009 obsessum.
978 1977 1094 2008 nunc
1127 1961 1198 2008 ille
1231 1962 1307 2026 qui
1333 1962 1445 2011 intra

150 2034 291 2093 iacet,
309 2034 413 2083 felix
433 2035 769 2099 fortunatusque
788 2034 875 2081 est:
906 2046 947 2081 et
971 2034 1086 2082 beati
1111 2034 1304 2083 hominis
1327 2036 1445 2083 iudi-

151 2117 220 2155 cat
250 2124 300 2156 ac
332 2108 527 2171 potentis
556 2106 769 2154 indicium
788 2144 802 2167 ‚
835 2107 1058 2155 difficilem
1091 2108 1281 2155 ianuam.
1310 2109 1447 2158 nescit

152 2178 428 2226 duriflimum
455 2179 539 2226 effe
577 2178 736 2225 ostium
769 2178 971 2226 carceris.
998 2180 1228 2227 Praesume
1263 2181 1446 2243 animo,

153 2253 286 2299 multa
316 2253 400 2301 effe
433 2253 514 2300 tibi
540 2253 758 2316 patienda.
787 2253 1012 2317 Numquis
1039 2252 1082 2299 se
1114 2253 1261 2301 hieme
1299 2254 1447 2319 algere

152 2324 365 2374 miratur?
385 2325 589 2389 numquis
614 2325 661 2373 in
679 2327 788 2374 mari
806 2327 1009 2374 nauseare
1023 2361 1037 2384 ‚
1067 2326 1112 2372 in
1139 2326 1210 2374 via
1228 2329 1409 2375 concuti
1425 2329 1451 2376 ἓ

152 2397 296 2445 Fortis
318 2397 380 2445 est
399 2399 596 2457 animus,
619 2401 674 2448 ad
693 2418 806 2465 quae
830 2412 1111 2464 praeparatus
1138 2399 1277 2449 venit.
1298 2400 1454 2449 Minus

152 2471 378 2521 honorato
404 2471 509 2523 loco
538 2463 732 2539 po'fitus,
759 2475 887 2525 irasci
915 2473 1098 2540 coepisti
1101 2473 1412 2587 G[convivatori
1430 2504 1460 2532 J

1178 2557 1203 2604 Ξ
1274 2575 1277 2579 .
