1741 2919
250 124 309 184 56
510 126 559 171 L.
606 125 905 172 ΑΝΝΑΕΙ
956 93 1311 173 SENECAE

243 230 345 293 quia
371 246 463 277 non
488 231 770 293 speraverint.
798 234 885 279 Incl‘
893 250 975 296 gna
1001 248 1200 296 putamus
1219 270 1232 294 ,
1253 251 1363 299 quae
1389 233 1536 301 inopi*

247 315 354 367 natas
375 304 484 351 sunt.
510 307 661 368 Itaque
681 305 874 371 maxime
900 321 1219 362 commovent,
1241 325 1352 371 quae
1383 326 1536 358 contra

246 379 366 440 spem
403 378 860 443 exspeRationemque
896 397 1153 430 evenerunt.
1201 384 1298 431 Nec
1329 383 1443 431 aliud
1476 385 1538 433 est

247 467 382 511 quare
417 451 464 497 in
494 451 749 499 domesticis
779 452 963 500 minima
989 454 1249 504 offendant:
1270 456 1316 505 in
1343 457 1518 518 amicis,

245 522 451 570 iniuriam
473 540 690 572 vocemus
714 525 1038 589 negligentiam.

313 597 488 645 XXXI.
520 598 774 658 Quomodo
797 615 934 663 ergo,
957 599 1125 664 inquit,
1145 600 1429 650 inimicorum
1455 618 1538 650 nos

247 669 434 718 iniuriae
457 675 676 719 movent?
705 671 806 735 quia
826 688 918 719 non
942 673 1290 738 exspeEtavimus
1313 676 1404 724 illas
1419 712 1433 735 ,
1466 693 1540 724 aut

249 759 369 791 certe
387 760 479 790 non
499 756 651 791 tantas.
669 745 772 793 Hoc
791 744 924 793 efficit
943 762 1070 794 amor
1088 748 1224 794 nostri
1245 749 1406 796 nimius
1431 767 1442 796 ε
1466 749 1538 796 in-

249 815 440 863 violatos
471 832 552 864 nos
582 816 713 864 etiam
748 816 940 875 inimicis
971 817 1217 884 iudicamus
1250 821 1335 869 effe
1365 822 1540 870 debere.

183 935 185 938 ⁴
249 891 383 953 Regis
407 890 590 955 quisque
618 890 732 938 intra
765 892 807 939 se
833 891 1029 940 animum
1054 894 1212 954 habet,
1245 908 1292 942 ut
1319 895 1538 944 licentiam

249 963 329 1011 fibi
349 964 440 1012 dari
457 964 593 1020 velit,
617 962 661 1011 in
687 963 728 1011 se
754 964 878 1012 nolit.
904 969 996 1012 Aut
1019 965 1268 1028 ignorantia
1287 984 1369 1015 nos
1394 967 1565 1032 itaque*

248 1053 396 1085 rerum
408 1073 421 1094 ‚
436 1047 511 1083 aut
527 1035 755 1083 insolentia
771 1035 1004 1085 iracundos
1023 1037 1140 1087 facit.
1154 1040 1414 1103 Ignorantia.
1429 1040 1540 1104 quid

248 1105 367 1157 enim
389 1109 550 1156 mirum
572 1108 656 1164 est,
688 1110 835 1156 malost
853 1110 965 1158 mala
994 1110 1191 1163 facinora
1217 1113 1381 1161 edere?
1416 1113 1540 1174 Quid

249 1182 362 1230 novi
391 1181 477 1238 est,
506 1182 537 1229 st
568 1182 773 1231 inimicus
799 1199 954 1242 nocet,
984 1183 1147 1233 amicus
1180 1185 1394 1246 offendit,
1425 1184 1538 1235 filius

246 1257 438 1317 labitur,
472 1258 621 1307 servus
651 1260 833 1322 peccat?
869 1258 1182 1321 Turpissimam
1210 1259 1354 1307 aiebat
1385 1259 1540 1307 Fabius

248 1331 515 1396 imperatori
532 1333 860 1381 excusationem
878 1331 985 1391 effe,
1009 1333 1116 1379 Non
1138 1332 1289 1396 putavi
1309 1351 1319 1381 :
1339 1350 1424 1398 ego
1443 1345 1540 1382 tur-

248 1406 466 1473 piffimam
485 1405 659 1454 homini
679 1418 804 1470 puto.
830 1405 994 1453 Omnia
1019 1423 1150 1470 puta,
1173 1407 1382 1471 exspecta.
1406 1409 1539 1456 etiam

249 1482 297 1530 in
312 1480 442 1528 bonis
456 1481 657 1529 moribus
676 1478 840 1544 aliquid
854 1477 1024 1527 exsistet
1040 1479 1242 1543 asperius.
1263 1483 1358 1527 Fert
1375 1480 1536 1528 huma-

248 1574 306 1605 na
329 1567 481 1603 natura
499 1555 730 1604 insidiosos
751 1553 942 1608 amicos,
966 1553 1049 1600 fert
1069 1553 1291 1619 ingratos,
1310 1553 1396 1602 fert
1414 1555 1544 1620 cupi·
1580 1604 1583 1607 ,

248 1633 359 1690 dos,
378 1630 464 1680 fert
486 1629 664 1694 impios.
694 1631 811 1678 Cum
843 1629 897 1680 de
924 1624 1124 1677 moribus
1153 1628 1281 1676 unius
1302 1628 1538 1690 iudicabis,

250 1708 307 1756 de
333 1706 524 1772 publicis
560 1706 720 1771 cogita.
749 1705 824 1753 ubi
855 1704 1043 1753 maxime
1076 1704 1283 1768 gaudebis
1305 1737 1319 1761 ‚
1351 1705 1541 1754 maxime

250 1795 435 1830 metues.
465 1781 543 1845 ubi
560 1778 788 1844 tranquilla
809 1778 889 1827 tibi
909 1778 1059 1827 omnia
1080 1779 1313 1836 videntur,
1332 1778 1393 1827 ibi
1414 1779 1542 1829 noci-

251 1866 350 1903 tura
370 1870 461 1901 non
486 1853 664 1912 desunt,
690 1852 763 1900 sed
785 1852 1027 1917 quiescunt.
1053 1851 1224 1915 semper
1241 1851 1439 1900 futurum
1460 1853 1539 1901 ali-

250 1927 359 1992 quid
375 1959 391 1983 ,
416 1926 542 1990 quod
564 1938 607 1974 te
626 1924 846 1984 offendat,
870 1924 1081 1973 existima.
1113 1924 1398 1974 Gubernator
1425 1943 1539 1974 nun-

249 2015 386 2062 quam
411 1998 472 2046 ita
490 2009 609 2047 totos
629 1996 741 2044 finus
763 1997 976 2061 explicuit
1000 1997 1198 2056 securus,
1221 2012 1270 2045 ut
1294 2013 1386 2045 non
1404 2015 1538 2060 expe-

247 2072 342 2120 dita
365 2070 419 2118 ad
448 2069 799 2118 contrahendum
830 2084 1099 2118 armamenta
1118 2068 1399 2133 disponeret.
1426 2069 1536 2117 Illud

251 2161 353 2194 ante
373 2143 525 2193 omnia
548 2143 692 2208 cogita
707 2175 722 2200 ,
751 2143 931 2190 foedam
959 2142 1045 2191 effe
1069 2155 1113 2192 et
1132 2142 1423 2193 execrabilem
1443 2142 1539 2191 vim

253 2219 482 2278 nocendi,
518 2229 562 2267 et
590 2215 893 2265 alienissimam
928 2215 1131 2275 homini,
1164 2215 1286 2264 cuius
1321 2214 1540 2265 beneficio

252 2291 385 2342 etiam
403 2293 529 2341 saeva
553 2290 870 2339 mansuescunt.
896 2288 1053 2353 Aspice
1076 2289 1411 2354 elephantorum
1431 2289 1538 2354 iugo

254 2364 370 2412 colla
396 2362 596 2411 submiffa
612 2398 628 2422 ‚
660 2375 887 2411 taurorum
917 2362 1062 2426 pueris
1089 2362 1251 2426 pariter
1277 2378 1327 2411 ac
1360 2362 1539 2411 feminis

256 2434 591 2501 persultantibus
609 2447 731 2500 terga
744 2435 926 2500 impune
944 2434 1130 2494 calcata,
1149 2446 1193 2483 et
1209 2447 1414 2499 repentes
1428 2433 1541 2482 inter
