1741 2919
272 158 742 207 CONSOLATIO
780 157 879 206 AD
913 157 1259 206 MARCIAM.
1332 154 1416 203 18⁸1

143 265 225 314 tibi
247 277 411 329 ponam
440 281 538 314 ante
564 266 719 313 oculos
745 266 933 312 maxima
952 302 966 325 ,
1001 280 1045 314 et
1073 265 1197 313 sexus
1226 277 1268 312 et
1293 263 1425 311 secul‘i

142 338 232 395 tui,
253 339 482 400 exempla:
509 338 681 384 alterius
695 371 707 390 ,
731 335 944 395 feminae,
974 353 1085 401 quae
1106 337 1148 383 se
1168 336 1343 383 tradidit
1360 334 1426 381 fe-

143 411 325 457 rendam
351 411 526 458 dolori:
554 410 723 457 alterius
749 426 861 473 quae
887 411 978 472 pari
1011 409 1159 457 affesta
1187 408 1310 468 casu,
1333 424 1426 454 ma-

142 483 240 530 iore
268 486 462 539 damno,
494 500 586 529 non
615 496 761 529 tamen
795 483 915 530 dedit
941 484 1123 546 longum
1156 482 1200 528 in
1229 482 1271 528 se
1303 480 1427 527 malis

143 555 228 603 suis
252 557 509 614 dominum,
536 557 608 603 sed
637 557 728 604 cito
755 557 950 604 animum
976 558 1021 603 in
1042 556 1188 603 sedem
1214 555 1333 601 suam
1358 570 1427 600 re—

146 630 302 690 posuit.
328 631 514 678 O&avia
530 645 573 677 et
595 630 739 688 Livia,
758 631 892 678 altera
917 631 1044 678 soror
1069 630 1272 694 Augusti,
1293 629 1428 676 altera

146 718 287 760 uxor,
317 704 550 752 amiserunt
579 703 693 754 filios
727 705 939 762 iuvenes,
971 717 1154 768 utraque
1186 703 1259 766 spe
1291 702 1429 750 futuri

146 776 358 839 principis
381 791 510 825 certa.
534 778 724 825 Ofilavia
740 778 998 825 Marcellum
1014 813 1028 835 ,
1061 777 1131 824 cui
1157 790 1200 825 et
1229 793 1430 824 avuncu-

144 847 210 894 lus
229 863 272 896 et
297 849 419 898 socer
445 851 701 897 incumbere
725 865 955 913 coeperat,
981 850 1026 896 in
1051 867 1183 913 quem
1203 865 1317 897 onus
1341 849 1431 895 im-

145 920 256 981 perii
279 923 520 971 reclinaret.
543 923 865 970 adolescentem
897 923 1047 970 animo
1070 923 1254 971 alacrem
1272 959 1285 981 ,
1306 923 1432 986 inge-

149 991 229 1037 nio
261 1007 524 1055 potentem;
565 997 638 1043 sed
677 1007 720 1042 et
757 993 1017 1058 frugalitatis
1044 995 1435 1058 continentiaeque

147 1062 194 1108 in
226 1064 308 1112 illis
339 1079 413 1113 aut
446 1068 569 1115 annis
598 1082 675 1114 aut
712 1065 874 1128 opibus
907 1083 1001 1114 non
1030 1067 1316 1115 mediocriter
1351 1066 1435 1114 ad-

148 1137 421 1198 mirandum3
442 1143 680 1205 patientem
699 1141 878 1198 laboris,
898 1141 1201 1203 voluptatibus
1215 1142 1430 1197 alienum3

148 1224 547 1277 quantumcunque
574 1213 803 1276 imponere
827 1212 889 1259 illi
915 1213 1183 1268 avunculus,
1201 1225 1245 1260 et
1267 1212 1346 1276 (ut
1375 1213 1434 1260 ita

151 1284 324 1345 dicam)
353 1286 631 1334 inaedificare
660 1286 899 1344 voluisset,
925 1287 1127 1334 laturum.
1165 1288 1282 1332 Bene
1316 1286 1435 1350 lege-

150 1369 218 1403 rat
235 1359 337 1405 nulli
357 1359 519 1406 ceffura
543 1359 729 1421 ponderi
747 1357 1047 1405 fundamenta.
1072 1359 1252 1406 Nullum
1275 1358 1436 1419 finem,

151 1447 231 1494 per
244 1448 376 1478 omne
395 1433 511 1478 vitae
529 1432 627 1478 suae
641 1444 830 1493 tempus,
844 1430 979 1477 flendi
999 1432 1290 1495 gemendique
1307 1431 1435 1480 fecit:

152 1519 236 1550 nec
252 1503 358 1550 ullas
370 1503 540 1550 admifit
558 1520 711 1561 voc-es,
732 1503 912 1550 salutare
926 1503 1089 1566 aliquid
1108 1503 1348 1551 afferentes.
1367 1506 1437 1552 Ne

155 1578 335 1626 avocari
362 1579 542 1643 quidem
567 1580 607 1626 se
639 1578 755 1642 paffa
773 1578 847 1626 est.
877 1582 1044 1627 Intenta
1061 1578 1106 1624 in
1126 1595 1256 1626 unam
1280 1596 1372 1626 rem
1398 1590 1441 1627 et

156 1662 256 1698 toto
281 1651 430 1698 animo
451 1653 577 1700 affixa
591 1688 605 1710 ‚
624 1652 721 1698 talis
740 1668 818 1714 per
836 1668 1017 1698 omnem
1039 1652 1176 1699 vitam
1200 1651 1310 1708 fuit,
1336 1668 1442 1716 qua-

156 1724 209 1770 lis
226 1723 271 1770 in
291 1724 456 1771 funere.
486 1741 578 1771 non
605 1724 708 1771 dico
732 1741 825 1770 non
845 1725 943 1770 ausa
970 1724 1237 1789 consurgere
1251 1757 1266 1782 ‚
1287 1726 1360 1772 sed
1380 1725 1442 1771 al-

157 1796 295 1844 levari
325 1796 554 1844 recusans:
595 1797 826 1844 secundam
864 1797 1098 1845 orbitatem
1128 1799 1350 1857 iudicans,
1380 1799 1445 1844 la-

158 1871 317 1918 crimas
345 1871 531 1918 mittere.
561 1871 738 1918 Nullam
761 1872 920 1919 habere
949 1871 1185 1935 imaginem
1215 1871 1294 1918 filii
1314 1871 1443 1919 caris-'-

157 1943 255 1991 fimi
285 1945 456 2002 voluit,
485 1945 646 1991 nullam
674 1945 752 2002 fibi
771 1945 865 1993 fieri
886 1946 941 1992 de
959 1945 1041 1991 illo
1060 1945 1349 1992 mentionem.
1377 1947 1445 1992 O-

159 2017 284 2064 derat
306 2033 462 2064 omnes
487 2028 644 2064 matres
659 2053 671 2075 ‚
694 2029 738 2064 et
757 2017 802 2064 in
825 2016 995 2065 Liviam
1022 2016 1212 2064 maxime
1242 2016 1443 2064 furebat:

159 2091 264 2154 quia
281 2091 512 2139 videbatur
532 2091 586 2138 ad
604 2091 718 2138 illius
747 2090 886 2138 filium
906 2089 1095 2138 tranfiffe
1111 2101 1133 2159 1
1150 2091 1235 2137 fibi
1257 2090 1447 2153 promis·-

161 2164 204 2210 sa
229 2163 423 2211 felicitas.
452 2164 669 2211 Tenebris
700 2176 744 2211 et
767 2163 989 2211 solitudini
1011 2163 1363 2222 familiarissima,
1391 2180 1447 2212 ne

162 2238 220 2284 ad
245 2237 420 2285 fratrem
448 2238 630 2302 quidem
651 2238 884 2301 respiciens
900 2273 914 2296 ‚
941 2237 1135 2285 carmina
1160 2236 1450 2285 celebrandae

165 2311 366 2358 Marcelli
398 2313 642 2359 memoriae
671 2310 942 2374 composita,
979 2310 1177 2373 aliosque
1203 2309 1450 2356 studiorum

166 2383 363 2430 honores
382 2384 558 2444 reiecit,
591 2400 635 2432 et
660 2401 784 2432 aures
809 2385 904 2432 suas
929 2383 1139 2432 adversus
1169 2399 1305 2430 omne
1337 2382 1456 2429 sola-

175 2456 290 2506 tium
323 2455 498 2507 claufit:
519 2473 542 2503 a
560 2456 826 2506 solemnibus
852 2456 1010 2507 officiis
1028 2456 1227 2568 sedffa'
1252 2466 1296 2504 et
1319 2454 1463 2519 ipsam

1198 2537 1224 2586 3

1537 2071 1590 2131 f(
