1741 2919
529 165 631 213 DE
686 153 816 213 [aaa
867 168 999 213 Lis.
1055 169 1082 213 i.
1344 187 1422 234 φής

122 296 125 298 ·
144 274 211 322 dis
231 272 434 322 notitiam
452 274 506 320 ad
523 274 622 322 suos
640 292 733 322 non
754 275 948 334 nuntius,
967 277 1041 322 sed
1059 275 1174 323 fauna
1191 279 1433 340 pertulerit³

144 347 222 395 nifi
242 348 366 411 quod
384 358 474 394 erat
493 346 572 395 illis
593 348 656 394 ira
676 365 760 411 pro
778 349 975 396 virtute?
1001 366 1111 413 quae
1131 361 1178 396 ut
1195 350 1431 415 aliquando

146 419 336 482 perculit
363 419 602 484 stravitque
631 420 793 481 obvia,
822 422 880 468 ita
910 422 1076 486 saepius
1096 421 1172 469 fibi
1201 423 1340 471 exitio
1357 425 1430 476 est,

145 490 379 538 Germanis
415 491 526 555 quid
560 490 622 539 est
664 491 899 539 animofius
921 492 939 539 ?
985 493 1092 557 quid
1126 494 1179 540 ad
1211 494 1429 543 incursum

142 563 314 611 acrius?
333 563 439 628 quid
456 580 681 612 armorum
701 565 905 629 cupidius
924 566 941 613 ?
968 566 1127 630 quibus
1153 567 1433 617 innascuntur

142 638 529 702 innutriunturque
550 657 561 685 :
585 656 774 702 quorum
797 639 924 687 unica
942 640 1025 687 illis
1045 658 1149 688 cura
1168 641 1228 688 est
1242 679 1254 702 ,
1285 643 1330 689 in
1351 645 1428 689 alia

143 711 474 775 negligentibus.
486 712 607 773 Quid
623 711 865 759 induratius
880 713 935 759 ad
952 730 1131 761 omnem
1145 715 1429 777 patientiam

140 794 188 830 ut
208 784 365 847 quibus
387 802 544 849 magna
561 801 616 832 ex
644 799 766 848 parte
796 802 888 833 non
908 798 1157 850 tegumenta
1184 805 1427 852 corporum

138 855 318 919 provisa
342 856 465 915 sunt,
484 873 575 904 non
598 857 779 922 suffugia
804 858 1009 905 adversus
1035 873 1296 921 perpetuum
1315 860 1432 908 coeli

137 928 347 992 rigorem.
369 931 466 977 Hos
486 941 631 977 tamen
653 930 838 994 Hispani
865 931 1068 994 Gallique
1084 966 1098 990 ‚
1127 943 1168 979 et
1193 932 1315 980 Aliae
1342 936 1430 998 Sy-

136 1001 316 1065 tiaeque
343 1001 498 1049 molles
527 1001 646 1050 bello
673 1002 792 1061 viri,
823 1014 1056 1066 antequam
1091 1004 1206 1067 legio
1236 1004 1431 1061 visatur,

87 1079 97 1096 ²
137 1073 351 1121 caedunt:
370 1073 432 1121 ob
449 1074 611 1121 nullam
629 1092 721 1122 rem
740 1075 867 1122 aliam
885 1087 1166 1139 opportunos
1180 1112 1193 1133 ,
1214 1094 1345 1139 quam
1365 1081 1426 1126 ob

136 1145 422 1196 iracundiam.
439 1149 662 1212 Agedum,
680 1148 764 1196 illis
776 1149 1059 1211 corporibus,
1076 1149 1160 1196 illis
1177 1149 1331 1198 animis
1345 1153 1426 1200 de-

134 1219 283 1278 licias,
314 1222 490 1280 luxum,
516 1238 625 1286 opes
651 1221 976 1286 ignorantibus,
1008 1223 1062 1268 da
1094 1223 1339 1283 rationem,
1372 1227 1427 1273 da

135 1293 406 1358 disciplinam
430 1314 441 1342 :
466 1310 515 1343 ut
534 1295 640 1343 nihil
659 1296 842 1359 amplius
861 1297 1005 1343 dicam
1022 1332 1035 1354 ‚
1057 1297 1225 1344 necesse
1245 1298 1328 1345 erit
1347 1316 1426 1346 no·

134 1366 202 1414 bis
225 1379 342 1415 certe
361 1383 509 1415 mores
533 1369 764 1415 Romanos
780 1371 998 1431 repetere.
1027 1369 1135 1428 Quo
1156 1369 1242 1414 alio
1271 1370 1425 1419 Fabius

134 1439 310 1489 affeEias
326 1441 505 1506 imperii
519 1441 638 1490 vires
654 1441 893 1496 recreavit,
916 1457 1048 1505 quam
1067 1443 1189 1505 quod
1209 1445 1400 1491 cunEtari
1413 1481 1428 1501 ,

133 1525 178 1560 et
190 1514 377 1574 trahere,
389 1525 433 1561 et
448 1514 615 1561 morari
631 1515 784 1573 scivit,
798 1531 910 1578 quae
922 1514 1071 1561 omnia
1089 1514 1183 1561 irati
1197 1517 1420 1564 nesciunt?

131 1586 326 1634 Perierat
341 1586 575 1651 imperium
593 1624 608 1645 ,
630 1588 755 1652 quod
776 1600 882 1634 tunc
902 1587 947 1634 in
973 1601 1173 1634 extremo
1195 1587 1329 1637 stabat
1346 1623 1361 1646 ‚
1390 1593 1422 1638 ss

131 1661 287 1708 fabius
303 1673 473 1709 tantum
492 1663 616 1709 ausus
632 1662 736 1709 effet
750 1697 763 1720 ‚
780 1674 996 1726 quantum
1017 1665 1081 1708 Ira
1099 1662 1313 1710 suadebat.
1331 1666 1422 1712 Ha-

129 1734 225 1783 buit
243 1735 289 1781 in
308 1735 494 1784 consilio
514 1736 738 1784 fortunam
760 1736 1007 1799 publicam;
1029 1751 1071 1786 et
1095 1736 1326 1785 aestimatis
1352 1740 1420 1787 vi-

126 1807 248 1855 ribus
263 1844 276 1866 ,
306 1825 362 1855 ex
380 1809 540 1873 quibus
559 1808 644 1855 iam
665 1809 807 1872 perire
827 1809 933 1856 nihil
954 1808 1040 1857 fine
1059 1809 1267 1857 universo
1290 1823 1420 1872 pote*

126 1893 222 1941 rat,
242 1882 446 1930 dolorem
470 1883 774 1947 ultionemque
799 1883 986 1947 seposuit
1006 1902 1016 1930 :
1043 1884 1087 1930 in
1104 1902 1235 1930 unam
1261 1884 1419 1930 utilita-

126 1965 218 2002 tem
238 1955 478 2002 occasionis
498 1956 714 2015 intentus,
742 1956 851 2003 iram
874 1970 974 2004 ante
994 1957 1124 2016 vicit,
1152 1973 1280 2019 quam
1302 1959 1417 2003 Han-

125 2027 330 2075 nibalem.
352 2029 475 2088 Quid
495 2029 676 2092 Scipio?
699 2046 846 2076 nonne
862 2029 1017 2076 relicio
1035 2030 1277 2076 Hannibale
1293 2065 1306 2089 ‚
1332 2032 1416 2077 Pu—

125 2103 232 2150 nico
248 2104 470 2161 exercitu,
493 2105 786 2169 omnibusque
813 2105 973 2169 quibus
997 2105 1263 2163 irascendum
1292 2119 1385 2152 erat
1400 2142 1415 2165 ‚

124 2173 288 2222 bellum
306 2176 351 2221 in
376 2175 569 2222 Africam
590 2176 829 2234 transtulit,
858 2190 947 2223 tam
976 2177 1139 2231 lentus,
1159 2188 1207 2222 ut
1234 2178 1414 2239 opinio*

126 2264 226 2293 nem
246 2248 443 2296 luxuriae
460 2250 750 2314 segnitiaeque
767 2250 964 2314 malignis
983 2250 1103 2296 daret
1121 2250 1138 2296 ?
1166 2250 1289 2310 Quid
1307 2252 1412 2299 alter

125 2322 302 2383 Scipio?
341 2339 431 2369 non
453 2324 565 2371 circa
587 2325 872 2372 Numantiam
894 2324 1078 2371 multum
1101 2323 1261 2387 diuque
1278 2323 1410 2381 sedis,

122 2407 167 2440 et
186 2396 301 2442 hunc
320 2396 437 2444 stium
456 2398 772 2462 publicumque
792 2398 992 2445 dolorem
1008 2414 1153 2461 aequo
1171 2398 1321 2444 animo
1339 2415 1410 2445 tu-

122 2464 198 2528 lit,
232 2468 395 2518 diutius
428 2469 713 2519 Numantiam
748 2487 880 2535 quam
909 2470 1221 2535 Carthaginem
1247 2470 1365 2521 vinci
1387 2470 1407 2518 ἒ
