1741 2919
451 166 1033 214 DEIRAL113.1}'.
1324 150 1379 234 ξς

106 272 281 336 giones‚
316 285 359 321 et
379 274 559 331 calidas,
588 288 630 320 et
656 274 849 339 frigidas.
877 275 1042 323 Eadem
1070 273 1318 324 animalium
1347 289 1389 324 et

104 344 337 407 hominum
357 346 604 393 discrimina
625 347 736 394 sunt.

169 419 296 465 X1X.
324 418 475 466 Refert
496 430 707 481 quantum
736 418 921 483 quisque
951 418 1124 466 humidi
1142 419 1186 466 in
1212 419 1254 468 se
1285 421 1389 469 cali-

104 492 239 556 dique
259 494 493 542 contineat.
513 493 635 540 cuius
655 493 699 539 in
719 494 795 539 illo
814 494 1017 541 elementi
1036 496 1186 558 portio
1205 515 1388 560 praeva-

104 567 235 626 lebit,
265 568 368 614 inde
397 583 544 613 mores
575 579 714 612 erunt.
749 568 987 614 Iracundos
1014 567 1180 616 fervidi
1215 570 1391 617 mistura

96 637 236 685 ‚faciet
262 657 273 686 :
307 639 368 685 est
393 638 510 687 enim
541 639 738 687 aE'tuosus
770 651 812 685 et
840 640 1038 702 pertinax
1067 640 1192 703 ignis.
1231 642 1391 706 Frigidi

102 710 279 757 mistura
304 712 484 758 timidos
506 710 612 780 facit
631 729 642 758 :
664 711 836 776 pigrum
865 710 926 758 est
947 712 1063 758 enim
1091 714 1390 760 contractum-

102 801 188 848 que
208 784 355 849 frigus.
386 785 560 832 Volunt
581 785 729 848 iraque
761 786 940 849 quidam
960 803 1015 833 ex
1038 786 1195 834 nostris
1217 788 1326 834 iram
1343 787 1389 834 in

100 859 281 921 pectore
316 858 528 915 moveri,
565 858 875 906 effervescente
913 857 1026 906 circa
1058 876 1138 908 cor
1169 860 1390 924 sanguine.

101 933 242 981 Causa
284 951 364 982 cur
404 935 477 982 hic
521 933 794 997 potiffimum
838 932 1072 996 affignetur
1108 933 1196 982 irae
1235 935 1389 990 locus‚,

99 1022 191 1053 non
214 1006 293 1054 alia
317 1006 397 1066 est,
426 1024 556 1071 quam
591 1007 716 1071 quod
751 1005 795 1052 in
824 1017 923 1053 toto
953 1022 1146 1070 corpore
1181 1008 1384 1056 calidiffi-

99 1096 220 1128 mum
257 1084 403 1146 peetus
433 1082 505 1130 est.
534 1082 691 1147 quibus
724 1081 894 1128 humidi
926 1084 1022 1144 plus
1054 1081 1163 1130 inest
1182 1119 1195 1141 ‚
1231 1099 1390 1133 eorum

100 1154 303 1215 paulatim
325 1155 477 1204 crescit
494 1156 557 1203 ira
584 1173 596 1202 ε
626 1156 727 1219 quia
747 1172 839 1202 non
857 1154 917 1201 est
937 1170 1110 1219 paratus
1130 1154 1212 1202 illis
1234 1156 1354 1203 calor
1371 1192 1386 1217 ,

98 1227 314 1286 sed'motu
332 1228 751 1291 acquiritur.1taque
774 1244 1014 1292 puerorum
1032 1227 1387 1292 feminarumque

97 1298 186 1346 irae
203 1317 325 1348 acres
346 1300 480 1364 magis
494 1336 508 1357 ,
523 1317 653 1364 quam
669 1316 824 1365 graves
840 1300 935 1347 sunt
947 1335 961 1358 ‚
981 1300 1261 1364 levioresque
1279 1302 1387 1348 dum

97 1372 343 1437 incipiunt:
368 1373 490 1422 siccis
514 1373 726 1421 aetatibus
756 1373 997 1421 vehemens
1024 1371 1292 1437 robustaque
1323 1375 1387 1422 ira

97 1445 158 1494 est
172 1482 185 1505 ‚
202 1446 273 1493 sed
295 1446 382 1495 fine
399 1447 676 1493 incremento
691 1481 704 1505 ,
725 1463 817 1492 non
838 1446 1022 1494 multum
1049 1446 1125 1493 fibi
1145 1446 1354 1494 adiiciens
1374 1466 1388 1496 :

96 1520 198 1583 quia
216 1519 470 1568 inclinatum
489 1521 679 1567 calorem
701 1518 838 1582 frigus
853 1519 1108 1583 insequitur.
1125 1523 1256 1568 Senes
1273 1522 1386 1568 diffi-

95 1592 198 1641 ciles
219 1605 262 1640 et
289 1593 456 1657 queruli
482 1592 607 1649 sunt,
636 1608 683 1640 ut
709 1592 825 1656 aegri
852 1604 897 1640 et
922 1585 1306 1651 convalescentes,
1342 1610 1387 1642 et

95 1682 286 1731 quorum
306 1677 378 1713 aut
393 1665 639 1714 laffitudine
656 1703 670 1725 ‚
698 1678 770 1713 aut
786 1666 1056 1713 detractione
1076 1667 1293 1730 sanguinis
1310 1684 1383 1714 ex-

94 1739 266 1787 haustus
291 1738 352 1787 est
376 1739 509 1790 calor.
543 1741 590 1785 In
624 1739 776 1787 eadem
809 1738 933 1786 causa
967 1738 1062 1787 sunt
1085 1740 1147 1787 (iti
1179 1740 1384 1805 fameque

94 1812 264 1871 rabidi,
294 1824 336 1859 et
364 1812 522 1875 quibus
545 1813 764 1876 exsangue
795 1829 956 1876 corpus
985 1812 1071 1870 est,
1108 1814 1383 1878 maligneque

93 1885 220 1933 alitur
238 1897 282 1934 et
301 1884 460 1933 deficit.
482 1886 647 1933 Vinum
671 1885 864 1932 incendit
875 1882 992 1932 xirarr‘n
1021 1903 1031 1933 :
1065 1886 1166 1949 quia
1186 1887 1382 1934 calorem

92 1971 221 2021 auget
240 1974 324 2022 pro
349 1959 558 2023 cuiusque
585 1971 749 2006 natura.

159 2033 267 2079 XX.
309 2031 503 2092 Quidam
538 2032 647 2079 ebrii
687 2032 1011 2092 effervescunt,
1049 2033 1227 2097 quidam
1267 2033 1381 2081 ficei,

92 2106 250 2170 Neque
267 2105 349 2152 ulla
370 2105 453 2152 alia
474 2107 596 2154 causa
615 2105 676 2154 est
691 2142 704 2165 ‚
736 2123 815 2154 cur
844 2106 1153 2155 iracundissimi
1172 2106 1253 2152 fint
1272 2105 1381 2154 flavi

92 2177 382 2241 rubentesque
400 2195 411 2223 ε
428 2177 585 2241 quibus
606 2179 699 2226 talis
718 2189 869 2225 natura
890 2179 1015 2226 color
1032 2178 1114 2237 est,
1130 2179 1268 2242 qualis
1284 2177 1381 2228 fieri

93 2248 246 2296 ceteris
262 2249 374 2297 inter
388 2250 496 2296 iram
524 2250 643 2298 solet.
674 2250 851 2297 mobilis
869 2252 987 2299 enim
1005 2252 1089 2298 illis
1108 2251 1379 2315 agitatusque

89 2322 260 2386 sanguis
293 2322 367 2370 est.
416 2325 501 2373 Sed
536 2326 915 2388 quemadmodum
965 2338 1116 2372 natura
1159 2326 1377 2388 quosdam

90 2396 317 2460 proclives
341 2397 386 2443 in
416 2398 523 2445 iram
546 2399 651 2446 facit
672 2418 683 2446 ε
702 2400 762 2446 ita
787 2400 946 2446 multae
967 2399 1165 2446 incidunt
1193 2398 1342 2445 causae
1363 2433 1376 2455 ‚

88 2487 200 2534 quae
232 2471 350 2518 idem
381 2472 541 2535 poffint
571 2474 891 2537 quod'natura.
929 2473 1051 2520 Alios
1087 2472 1268 2521 morbus
1305 2484 1377 2520 aut
