1741 2919
317 172 409 219 274
575 160 958 209 LANNAEI
1010 162 1371 212 SENECAE

311 270 386 334 qui
418 269 668 326 fastidiant,
699 270 916 334 quidquid
949 272 1130 335 propius
1162 274 1372 321 adierunt.
1403 275 1486 322 Sed
1513 284 1606 325 nec'

309 344 463 391 ‘virtuti
493 344 734 407 periculum
763 344 850 400 est,
882 363 937 392 ne
965 347 1140 393 admota
1167 346 1306 394 oculis
1333 348 1588 396 revilescatt

307 430 351 464 et
378 416 506 463 {iltius
537 417 597 463 est
630 417 904 480 simplicitate
929 419 1153 466 contemni
1174 455 1188 476 ‚
1216 437 1346 482 quam
1379 437 1605 485 perpetua,

305 488 577 536 simulatione
596 490 807 552 torqueri.
836 492 1024 537 Modum
1052 503 1195 538 tamen
1217 492 1277 538 rei
1297 493 1602 546 adhibeamus,.

302 564 490 610 multum
519 561 694 608 interest
714 598 727 620 ‚
757 563 1012 625 simpliciter
1035 565 1191 621 vivas,
1225 582 1279 610 an
1309 565 1593 628 negligenter.

301 636 491 683 Multum
513 647 555 680 et
582 634 625 679 in
654 634 694 681 se
720 636 1014 683 recedendum
1051 636 1123 683 est.
1156 637 1434 685 conversatio
1465 640 1597 699 enim,

299 709 600 763 dissimilium,
635 708 745 754 bene
773 709 1019 771 composita
1054 709 1294 766 disturbat,
1325 724 1367 758 et
1396 728 1584 762 renovat

298 783 474 831 affeetus
492 821 504 841 ,
527 796 569 829 et
589 782 803 847 quidquid
823 782 1092 830 imbecillum
1110 783 1153 829 in
1171 786 1321 831 animo
1337 823 1350 844 ,
1377 805 1458 834 nec
1478 806 1582 850 per-

296 870 493 904 curatum
515 855 575 901 est
589 891 601 913 ‚
622 856 850 901 exulcerat.
876 855 1099 901 Miscenda
1118 868 1264 902 tamen
1280 857 1380 914 ista,
1398 872 1441 905 et
1455 860 1581 918 altere

295 931 436 978 nanda
465 929 587 987 sunt,
620 928 812 974 solitudo
835 941 878 975 et
901 928 1158 992 frequentia.
1188 929 1262 975 Illa
1293 931 1421 979 nobis
1449 932 1579 980 faciet

289 1002 522 1051 hominum
546 1001 807 1049 desiderium
826 1038 838 1056 ‚
859 1001 965 1049 haec
992 1001 1126 1048 nostri
1146 1020 1156 1047 τ
1183 1016 1225 1048 et
1250 1004 1333 1050 erit
1356 1005 1487 1053 altera
1512 991 1577 1053 alss

288 1077 421 1125 terius
438 1076 697 1123 remedium.
722 1076 878 1122 odium
898 1077 1050 1122 turbae
1072 1075 1232 1122 sanabit
1250 1075 1462 1135 solitudo,
1482 1092 1576 1127 taea,

291 1152 413 1199 dium
438 1149 682 1198 solitudinis
701 1149 841 1196 turba.
858 1150 955 1196 Nec
978 1149 1023 1194 in
1053 1149 1205 1195 eadem
1233 1150 1476 1198 intentione
1498 1169 1574 1200 ae-

285 1224 472 1287 qualiter
489 1223 717 1271 retinenda
735 1239 855 1270 mens
875 1222 960 1281 est,
989 1223 1059 1268 sed
1079 1223 1132 1268 ad
1150 1222 1275 1269 iocos
1304 1227 1572 1275 revocanda,

284 1301 401 1346 Cum
421 1298 568 1362 pueris
581 1299 780 1345 Socrates
798 1297 945 1343 ludere
967 1313 1056 1343 non
1072 1296 1350 1344 erubescebat
1367 1313 1435 1344 :et
1454 1299 1570 1346 Cato

282 1373 392 1420 vino
425 1371 594 1420 laxabat
623 1372 840 1426 animum,
878 1369 992 1417 curis
1023 1367 1207 1432 publicis
1234 1367 1455 1432 fatigatum
1485 1389 1496 1416 ε
1525 1384 1569 1419 et

281 1444 432 1507 Scipio
451 1443 710 1505 triumphale
740 1443 844 1488 illud
873 1458 916 1489 et
947 1441 1129 1488 militare
1149 1454 1312 1503 corpus
1342 1444 1487 1492 movit
1512 1446 1566 1491 ad

277 1534 517 1571 numeros3
538 1533 628 1565 non
652 1517 844 1564 molliter
873 1515 917 1561 se
948 1511 1189 1577 infringens
1206 1546 1220 1568 ‚
1252 1526 1298 1559 ut
1323 1532 1440 1564 nunc
1465 1534 1565 1564 mos

277 1593 338 1642 est
358 1594 486 1639 etiam
512 1591 677 1639 incestu
696 1590 792 1653 ipso
812 1589 919 1636 ultra
941 1588 1197 1634 muliebrem
1219 1588 1447 1636 mollitiem
1475 1589 1564 1636 flu-

276 1667 476 1724 entibus;
506 1664 578 1712 sed
601 1679 651 1712 ut
674 1664 734 1710 illi
754 1662 919 1726 antiqui
948 1661 1032 1709 viri
1052 1660 1271 1716 solebant,
1296 1661 1408 1707 inter
1425 1661 1562 1710 lusum

275 1757 325 1787 ac
344 1738 447 1787 festa
465 1753 665 1800 tempora
682 1773 696 1794 ‚
719 1736 890 1784 virilem
911 1734 957 1781 in
981 1734 1164 1779 modum
1189 1734 1451 1797 tripudiare,
1470 1752 1561 1782 non

272 1811 427 1861 faciut}
450 1810 762 1858 (le-timentum
779 1844 791 1865 ‚
807 1807 937 1855 etiam
954 1807 984 1852 fi
1002 1807 1055 1852 ab
1075 1805 1270 1854 hostibus
1291 1808 1372 1854 suis
1392 1807 1559 1870 speEta-

271 1900 430 1934 rentur.
463 1884 622 1931 Danda
651 1882 712 1929 est
744 1880 936 1927 remiffio
968 1879 1122 1925 animis
1151 1897 1162 1926 ε
1187 1879 1389 1926 meliores
1412 1881 1558 1927 acrio-

273 1977 427 2023 resque
455 1956 642 2021 requieti
673 1955 863 2017 surgent.
894 1955 958 2001 Ut
988 1952 1201 2000 fertilibus
1231 1953 1343 2016 agris
1372 1970 1462 1999 non
1494 1954 1557 2000 est

270 2036 324 2079 im
335 2031 573 2095 p;1r;².nz³.21m
596 2047 607 2075 z
629 2030 721 2075 cito
743 2028 859 2074 enim
881 2027 1105 2074 exhauriet
1125 2027 1220 2074 illos
1240 2043 1459 2089 nunquam
1483 2025 1553 2071 in-

268 2106 457 2153 rex-mima
487 2102 727 2150 fecunditas
752 2119 762 2147 :
787 2101 844 2146 ita
876 2096 1123 2145 animorum
1153 2099 1341 2161 impetus
1367 2097 1552 2146 assiduus

265 2180 388 2225 labor
421 2169 593 2239 frangi&
646 2174 774 2221 Vires
802 2172 1034 2233 'recipient
1068 2172 1246 2234 paulum
1281 2170 1458 2217 resoluti
1506 2184 1550 2218 et

263 2251 436 2298 remiffi.
465 2248 668 2294 Nascitur
699 2262 753 2292 ex
783 2245 1022 2291 affiduitate
1044 2245 1240 2290 laborum
1264 2279 1277 2301 ‚
1298 2244 1547 2290 animorum

264 2322 482 2369 hebetatio
505 2321 740 2385 quaedam,
758 2331 800 2364 et
817 2318 1032 2380 languor:
1054 2334 1133 2364 nec
1153 2316 1206 2362 ad
1227 2317 1315 2363 hoc
1333 2329 1447 2362 tanta
1466 2317 1546 2362 ho-

263 2395 431 2440 minum
451 2394 661 2455 cupiditas
694 2390 919 2447 tenderet,
953 2389 1029 2435 nisi
1061 2389 1297 2435 naturalem
1327 2390 1542 2452 quandam

262 2469 533 2528 voluptatem
571 2466 748 2512 haberet
785 2463 902 2511 lusus
937 2462 1152 2526 iocusque
1185 2479 1196 2508 ς
1225 2477 1416 2525 quorum
1452 2459 1540 2507 fre·-
