1741 2919
269 157 366 205 DE
416 151 979 202 PROV1DENT1A
1023 153 1251 201 LIBER.
1327 166 1414 216 225

140 263 218 311 ista
236 263 332 310 fieri
347 299 360 322 ‚
381 278 425 310 et
447 263 559 309 recte
575 261 726 307 eadem
742 260 836 322 lege
857 260 985 307 bonis
999 262 1179 309 evenire
1194 298 1208 319 ‚
1228 279 1311 326 qua
1328 263 1423 309 sunt

143 339 283 387 boni:
315 336 586 402 persuadebo
620 335 721 381 inde
752 334 858 391 tibi,
888 352 940 380 ne
970 353 1163 397 unquam
1197 338 1302 383 boni
1334 338 1421 384 viri

145 411 399 458 miserearis.
427 407 572 472 potest
596 406 712 453 enim
743 406 870 452 miser
897 408 1005 464 dici,
1032 424 1121 452 non
1154 408 1295 469 potest
1325 409 1428 456 effe.

132 484 469 533 ·Difficillimum
485 516 499 540 ‚
522 497 576 526 ex
609 479 817 526 omnibus
840 497 953 541 quae
979 480 1217 543 proposui,
1253 481 1428 529 videtur

149 560 275 623 quod
306 557 497 622 primum
527 555 652 601 dixi:
681 571 762 616 pro
793 555 893 618 ipfis
919 554 1005 601 effe
1032 555 1189 617 quibus
1218 557 1429 604 eveniunt

151 631 251 690 ista,
271 647 380 693 quae
402 630 632 675 horremus
652 643 701 673 ac
725 628 965 676 tremimus.
1003 631 1087 675 Pro
1116 629 1214 691 ipsis
1242 629 1302 675 est
1320 666 1332 685 ‚
1359 630 1432 676 in-

151 706 275 768 quis,
304 705 350 750 in
380 701 575 748 exsilium
599 700 782 762 proiici,
808 703 852 748 in
873 703 1104 766 egestatem
1134 704 1291 751 deduci
1320 704 1434 750 libe-⁸

152 795 251 835 ros,
278 776 514 839 coniugem
537 773 690 821 efferre
707 811 720 830 ‚
748 775 993 839 ignominia
1023 777 1160 835 affici,
1186 778 1434 824 debilitari?

151 851 196 898 Si
214 850 414 907 miraris,
437 849 525 894 hoc
545 863 627 910 pro
657 847 807 911 aliquo
835 848 945 905 effe,
971 850 1191 896 miraberis
1216 851 1434 913 quosdam

153 922 274 970 ferro
291 937 334 970 et
365 922 466 985 igne
494 918 662 977 curari,
688 938 769 968 nec
795 921 940 968 minus
967 920 1082 967 fame
1104 938 1154 968 ac
1181 920 1258 969 siti.
1289 922 1372 968 Sed
1404 921 1436 968 fi

155 998 418 1064 cogitaveris
445 1008 592 1043 tecum
609 1028 623 1050 ,
647 995 829 1042 remedii
862 995 985 1042 causa
1012 996 1269 1059 quibusdam
1300 1009 1342 1044 et
1364 1015 1438 1043 ra*

156 1070 202 1118 di
222 1070 313 1131 offa
332 1082 375 1117 et
400 1069 509 1133 legi,
534 1080 576 1115 et
603 1070 772 1115 extrahi
795 1087 949 1125 venas,
974 1082 1016 1117 et
1040 1070 1253 1134 quaedam
1285 1088 1440 1135 ampu-
1488 1129 1491 1131 ,

157 1143 239 1189 tari
266 1142 461 1189 membra
476 1178 489 1199 ‚
509 1158 619 1205 quae
643 1141 729 1187 fine
748 1142 883 1188 totius
904 1142 1096 1204 pernicie
1115 1143 1319 1205 corporis
1338 1144 1442 1190 hae-

160 1232 256 1264 rere
277 1232 370 1262 non
392 1226 624 1279 poterant:
643 1215 731 1261 hoc
754 1231 937 1279 quoque
954 1215 1128 1277 patieris
1147 1216 1323 1279 probari
1345 1216 1442 1273 tibi,

159 1289 378 1353 quaedam
397 1289 686 1336 incommoda
712 1306 794 1353 pro
815 1290 879 1336 his
901 1289 1014 1345 effe,
1041 1289 1199 1354 quibus
1223 1292 1442 1339 accidunt.

162 1379 251 1412 tam
280 1363 550 1412 mehercules
573 1381 707 1427 quam
736 1366 948 1427 quaedam
979 1382 1090 1428 quae
1116 1365 1346 1412 laudantur
1372 1377 1442 1411 at-

163 1449 250 1499 que
269 1450 549 1501 appetuntur,
569 1451 721 1484 contra
734 1453 811 1483 eos
829 1437 912 1484 ess'e'
928 1469 941 1491 ‚
960 1454 1071 1500 quos
1090 1437 1442 1485 delectaverunt:

162 1511 378 1558 fimillima
415 1511 700 1558 cruditatibus
724 1543 737 1565 ‚
775 1511 1171 1574 ebrietatibusque,
1205 1525 1248 1558 et
1290 1515 1445 1560 ceteris

163 1603 274 1648 quae
299 1600 457 1633 necant
489 1603 567 1647 per
593 1586 880 1648 voluptatem.
916 1588 1030 1631 Inter
1054 1585 1187 1632 multa
1212 1587 1446 1650 magnifica

165 1659 386 1707 Demetrii
405 1659 540 1706 nostri
559 1696 572 1717 ‚
593 1672 634 1706 et
653 1660 760 1706 haec
779 1677 873 1707 vox
897 1659 984 1718 est,
1003 1677 1025 1706 a
1052 1677 1136 1723 qua
1161 1676 1309 1707 recens
1338 1663 1446 1710 sum.

166 1728 291 1775 sonat
309 1729 479 1786 adhuc,
500 1743 543 1778 et
560 1730 705 1777 vibrat
723 1731 767 1776 in
787 1730 962 1777 auribus
978 1733 1102 1778 meis.
1125 1732 1268 1790 Nihil,
1286 1734 1446 1797 inquit,

167 1802 278 1850 mihi
299 1805 476 1852 videtur
499 1805 716 1853 infelicius
745 1821 826 1862 eo,
851 1806 922 1852 cui
949 1805 1055 1851 nihil
1077 1823 1270 1869 unquam
1296 1811 1447 1856 evenit

167 1875 349 1924 adverfi.
377 1877 483 1923 Non
503 1877 625 1925 licuit
647 1878 763 1923 enim
792 1877 853 1924 illi
873 1878 914 1925 se
935 1879 1141 1941 experiri.
1168 1883 1230 1927 Ut
1248 1899 1302 1928 ex
1330 1899 1447 1930 voro

168 1947 233 1994 illi
257 1947 461 1996 fluxerint
488 1951 660 2009 omnia,
685 1963 731 1997 ut
760 1962 858 1998 ante
882 1964 1038 1998 votum
1061 1971 1071 1999 ε
1099 1956 1208 2001 male
1231 1970 1374 2002 tamen
1394 1959 1449 2004 de·

172 2021 251 2069 illo
278 2023 338 2070 dii
363 2023 685 2072 iudicaverunt.
709 2026 914 2089 indignus
937 2026 1052 2073 visus
1079 2028 1164 2084 est,
1189 2048 1211 2076 a
1231 2032 1452 2094 quo‘vin-

175 2111 346 2148 ceretur
366 2097 598 2160 aliquando
618 2096 810 2154 fortuna,
831 2115 941 2161 quae
960 2098 1278 2162 ignaviffimum
1301 2122 1454 2166 quem-

174 2183 261 2230 que
293 2168 466 2233 refugit.
495 2171 609 2232 quasi
638 2172 781 2218 dicat:
803 2172 928 2232 Quid
959 2189 1043 2235 ego
1075 2173 1204 2220 istum
1236 2176 1343 2221 mihi
1371 2178 1454 2224 ada

175 2243 418 2290 versarium
438 2243 676 2292 assumam?
696 2245 833 2291 statim
852 2264 969 2292 arma
988 2245 1222 2294 submittet.
1236 2264 1325 2294 non
1342 2266 1455 2329 opus

179 2312 282 2360 est
272 2307 458 2362 millum
489 2329 581 2363 tota
610 2318 807 2379 potentia
837 2335 964 2365 mea:
995 2319 1081 2366 levi
1106 2321 1456 2369 comminatione

177 2386 377 2450 pelletur.
392 2406 481 2435 non
497 2390 638 2452 potest
656 2389 862 2438 sustinere
878 2391 1047 2439 vultum
1064 2409 1222 2439 meum.
1239 2394 1362 2441 Alius
1373 2411 1457 2442 cn

178 2459 514 2522 cumspiciatur,
534 2481 634 2510 cum
654 2480 746 2524 quo
779 2463 979 2513 conferre
1006 2465 1216 2527 poffirnus
1240 2477 1420 2517 manum
1440 2485 1455 2516 2

245 2527 295 2573 L.
315 2530 436 2575 Arm.
459 2531 628 2577 Seneca.
660 2532 753 2575 Vol.
772 2531 812 2576 J.
1164 2533 1198 2579 P
