<?xml version="1.0" encoding="UTF-8"?>
<!DOCTYPE html PUBLIC "-//W3C//DTD XHTML 1.0 Transitional//EN"
    "http://www.w3.org/TR/xhtml1/DTD/xhtml1-transitional.dtd">
<html xmlns="http://www.w3.org/1999/xhtml" xml:lang="en" lang="en">
 <head>
  <title>
</title>
<meta http-equiv="Content-Type" content="text/html;charset=utf-8" />
  <meta name='ocr-system' content='tesseract 3.04.00' />
  <meta name='ocr-capabilities' content='ocr_page ocr_carea ocr_par ocr_line ocrx_word'/>
</head>
<body>
  <div class='ocr_page' id='page_1' title='image "./lannaeisenecaeph01seneuoft_0331.png"; bbox 0 0 1741 2919; ppageno 0'>
   <div class='ocr_carea' id='block_1_1' title="bbox 370 139 1436 202">
    <p class='ocr_par' dir='ltr' id='par_1_1' title="bbox 370 139 1436 202">
     <span class='ocr_line' id='line_1_1' title="bbox 370 139 1436 202; baseline 0.001 -16"><span class='ocrx_word' id='word_1_1' title='bbox 370 139 456 186; x_wconf 80' lang='lat' dir='ltr'><strong>DE</strong></span> <span class='ocrx_word' id='word_1_2' title='bbox 491 140 888 186; x_wconf 67' lang='lat' dir='ltr'><strong>CONSTANTIA</strong></span> <span class='ocrx_word' id='word_1_3' title='bbox 924 139 1233 186; x_wconf 63' lang='lat' dir='ltr'><strong>SAPJENTIS.</strong></span> <span class='ocrx_word' id='word_1_4' title='bbox 1350 140 1436 202; x_wconf 70' lang='lat'><strong>&#39;285</strong></span> 
     </span>
    </p>
   </div>
   <div class='ocr_carea' id='block_1_2' title="bbox 144 247 1441 2504">
    <p class='ocr_par' dir='ltr' id='par_1_2' title="bbox 148 247 1441 2215">
     <span class='ocr_line' id='line_1_2' title="bbox 164 247 1435 310; baseline -0.001 -16"><span class='ocrx_word' id='word_1_5' title='bbox 164 247 246 295; x_wconf 80' lang='lat' dir='ltr'><strong>se?</strong></span> <span class='ocrx_word' id='word_1_6' title='bbox 277 259 350 293; x_wconf 87' lang='lat' dir='ltr'><strong>aut</strong></span> <span class='ocrx_word' id='word_1_7' title='bbox 378 248 568 296; x_wconf 85' lang='lat' dir='ltr'><strong>demiffis</strong></span> <span class='ocrx_word' id='word_1_8' title='bbox 601 249 645 295; x_wconf 89' lang='lat' dir='ltr'><strong>in</strong></span> <span class='ocrx_word' id='word_1_9' title='bbox 682 247 949 310; x_wconf 87' lang='lat' dir='ltr'><strong>profundum</strong></span> <span class='ocrx_word' id='word_1_10' title='bbox 983 248 1143 294; x_wconf 88' lang='lat' dir='ltr'><strong>catenis</strong></span> <span class='ocrx_word' id='word_1_11' title='bbox 1180 248 1435 310; x_wconf 82' lang='lat' dir='ltr'>Neptunum</span> 
     </span>
     <span class='ocr_line' id='line_1_3' title="bbox 166 319 1439 384; baseline 0 -19"><span class='ocrx_word' id='word_1_12' title='bbox 166 319 352 381; x_wconf 78' lang='lat' dir='ltr'><strong>potuisse</strong></span> <span class='ocrx_word' id='word_1_13' title='bbox 380 321 609 384; x_wconf 84' lang='lat' dir='ltr'><strong>contingi?</strong></span> <span class='ocrx_word' id='word_1_14' title='bbox 646 324 708 368; x_wconf 92' lang='lat' dir='ltr'><strong>Ut</strong></span> <span class='ocrx_word' id='word_1_15' title='bbox 732 319 933 368; x_wconf 89' lang='lat' dir='ltr'><strong>coelestia</strong></span> <span class='ocrx_word' id='word_1_16' title='bbox 959 320 1170 366; x_wconf 83' lang='lat' dir='ltr'><strong>humanas</strong></span> <span class='ocrx_word' id='word_1_17' title='bbox 1190 337 1342 367; x_wconf 79' lang='lat' dir='ltr'><strong>manus</strong></span> <span class='ocrx_word' id='word_1_18' title='bbox 1373 320 1439 367; x_wconf 66' lang='lat' dir='ltr'><strong>efi-</strong></span> 
     </span>
     <span class='ocr_line' id='line_1_4' title="bbox 163 384 1440 458; baseline 0.002 -20"><span class='ocrx_word' id='word_1_19' title='bbox 163 393 362 456; x_wconf 81' lang='lat' dir='ltr'><strong>fugiunt‚</strong></span> <span class='ocrx_word' id='word_1_20' title='bbox 391 406 435 440; x_wconf 90' lang='lat' dir='ltr'><strong>et</strong></span> <span class='ocrx_word' id='word_1_21' title='bbox 462 396 516 441; x_wconf 90' lang='lat' dir='ltr'><strong>ab</strong></span> <span class='ocrx_word' id='word_1_22' title='bbox 542 395 607 442; x_wconf 87' lang='lat' dir='ltr'><strong>his</strong></span> <span class='ocrx_word' id='word_1_23' title='bbox 636 395 713 458; x_wconf 90' lang='lat' dir='ltr'><strong>qui</strong></span> <span class='ocrx_word' id='word_1_24' title='bbox 741 384 903 456; x_wconf 69' lang='lat' dir='ltr'><strong>teinpla</strong></span> <span class='ocrx_word' id='word_1_25' title='bbox 933 394 1135 450; x_wconf 85' lang='lat' dir='ltr'><strong>diruunt,</strong></span> <span class='ocrx_word' id='word_1_26' title='bbox 1166 406 1240 440; x_wconf 85' lang='lat' dir='ltr'><strong>aut</strong></span> <span class='ocrx_word' id='word_1_27' title='bbox 1268 393 1440 440; x_wconf 82' lang='lat' dir='ltr'><strong>simula-</strong></span> 
     </span>
     <span class='ocr_line' id='line_1_5' title="bbox 165 464 1439 528; baseline 0.002 -18"><span class='ocrx_word' id='word_1_28' title='bbox 165 481 238 510; x_wconf 87' lang='lat' dir='ltr'><strong>cra</strong></span> <span class='ocrx_word' id='word_1_29' title='bbox 264 464 481 522; x_wconf 89' lang='lat' dir='ltr'><strong>conflant,</strong></span> <span class='ocrx_word' id='word_1_30' title='bbox 506 465 612 511; x_wconf 90' lang='lat' dir='ltr'><strong>nihil</strong></span> <span class='ocrx_word' id='word_1_31' title='bbox 635 465 853 513; x_wconf 86' lang='lat' dir='ltr'><strong>divinitati</strong></span> <span class='ocrx_word' id='word_1_32' title='bbox 881 479 1065 512; x_wconf 86' lang='lat' dir='ltr'><strong>nocetur</strong></span> <span class='ocrx_word' id='word_1_33' title='bbox 1090 483 1100 510; x_wconf 93' lang='lat'>:</span> <span class='ocrx_word' id='word_1_34' title='bbox 1132 465 1189 510; x_wconf 86' lang='lat' dir='ltr'><strong>ita</strong></span> <span class='ocrx_word' id='word_1_35' title='bbox 1222 465 1439 528; x_wconf 71' lang='lat' dir='ltr'><strong>quidquid</strong></span> 
     </span>
     <span class='ocr_line' id='line_1_6' title="bbox 160 536 1438 601; baseline 0.001 -19"><span class='ocrx_word' id='word_1_36' title='bbox 160 536 211 583; x_wconf 85' lang='lat' dir='ltr'><strong>fit</strong></span> <span class='ocrx_word' id='word_1_37' title='bbox 229 538 272 582; x_wconf 89' lang='lat' dir='ltr'><strong>in</strong></span> <span class='ocrx_word' id='word_1_38' title='bbox 293 537 527 600; x_wconf 83' lang='lat' dir='ltr'>sapientem</span> <span class='ocrx_word' id='word_1_39' title='bbox 546 553 778 601; x_wconf 85' lang='lat' dir='ltr'><strong>proterve,</strong></span> <span class='ocrx_word' id='word_1_40' title='bbox 810 539 1080 601; x_wconf 80' lang='lat' dir='ltr'>petulanter,</span> <span class='ocrx_word' id='word_1_41' title='bbox 1112 538 1316 600; x_wconf 79' lang='lat' dir='ltr'><strong>superbe,</strong></span> <span class='ocrx_word' id='word_1_42' title='bbox 1345 538 1438 584; x_wconf 80' lang='lat' dir='ltr'><strong>fru-</strong></span> 
     </span>
     <span class='ocr_line' id='line_1_7' title="bbox 162 607 1441 671; baseline 0.001 -18"><span class='ocrx_word' id='word_1_43' title='bbox 162 608 245 655; x_wconf 84' lang='lat' dir='ltr'><strong>stra</strong></span> <span class='ocrx_word' id='word_1_44' title='bbox 272 621 474 656; x_wconf 83' lang='lat' dir='ltr'><strong>tentatur.</strong></span> <span class='ocrx_word' id='word_1_45' title='bbox 510 613 566 656; x_wconf 88' lang='lat' dir='ltr'><strong>At</strong></span> <span class='ocrx_word' id='word_1_46' title='bbox 595 609 722 656; x_wconf 90' lang='lat' dir='ltr'><strong>satius</strong></span> <span class='ocrx_word' id='word_1_47' title='bbox 754 622 872 668; x_wconf 88' lang='lat' dir='ltr'><strong>erat,</strong></span> <span class='ocrx_word' id='word_1_48' title='bbox 904 609 1124 656; x_wconf 87' lang='lat' dir='ltr'><strong>neminem</strong></span> <span class='ocrx_word' id='word_1_49' title='bbox 1153 607 1240 655; x_wconf 69' lang='lat' dir='ltr'><strong>effe</strong></span> <span class='ocrx_word' id='word_1_50' title='bbox 1267 609 1341 671; x_wconf 82' lang='lat' dir='ltr'><strong>qui</strong></span> <span class='ocrx_word' id='word_1_51' title='bbox 1373 609 1441 655; x_wconf 84' lang='lat' dir='ltr'><strong>fa—</strong></span> 
     </span>
     <span class='ocr_line' id='line_1_8' title="bbox 161 680 1440 744; baseline -0.001 -17"><span class='ocrx_word' id='word_1_52' title='bbox 161 696 260 727; x_wconf 90' lang='lat' dir='ltr'><strong>cere</strong></span> <span class='ocrx_word' id='word_1_53' title='bbox 288 681 432 728; x_wconf 90' lang='lat' dir='ltr'><strong>vellet.</strong></span> <span class='ocrx_word' id='word_1_54' title='bbox 474 683 586 728; x_wconf 89' lang='lat' dir='ltr'><strong>Rem</strong></span> <span class='ocrx_word' id='word_1_55' title='bbox 623 682 841 729; x_wconf 88' lang='lat' dir='ltr'><strong>difficilem</strong></span> <span class='ocrx_word' id='word_1_56' title='bbox 880 694 1006 744; x_wconf 89' lang='lat' dir='ltr'><strong>optas</strong></span> <span class='ocrx_word' id='word_1_57' title='bbox 1037 682 1233 727; x_wconf 89' lang='lat' dir='ltr'><strong>humano</strong></span> <span class='ocrx_word' id='word_1_58' title='bbox 1261 680 1440 743; x_wconf 80' lang='lat' dir='ltr'><strong>generi,</strong></span> 
     </span>
     <span class='ocr_line' id='line_1_9' title="bbox 159 753 1439 816; baseline 0.002 -16"><span class='ocrx_word' id='word_1_59' title='bbox 159 753 472 802; x_wconf 82' lang='lat' dir='ltr'><strong>innocentiam.</strong></span> <span class='ocrx_word' id='word_1_60' title='bbox 502 759 555 801; x_wconf 81' lang='lat' dir='ltr'><strong>Et</strong></span> <span class='ocrx_word' id='word_1_61' title='bbox 587 771 679 801; x_wconf 91' lang='lat' dir='ltr'><strong>non</strong></span> <span class='ocrx_word' id='word_1_62' title='bbox 714 754 830 811; x_wconf 86' lang='lat' dir='ltr'><strong>fieri,</strong></span> <span class='ocrx_word' id='word_1_63' title='bbox 860 753 1213 805; x_wconf 75' lang='lat' dir='ltr'><strong>eorumjnterest</strong></span> <span class='ocrx_word' id='word_1_64' title='bbox 1240 753 1316 816; x_wconf 88' lang='lat' dir='ltr'><strong>qui</strong></span> <span class='ocrx_word' id='word_1_65' title='bbox 1345 753 1439 802; x_wconf 86' lang='lat' dir='ltr'><strong>fac·</strong></span> 
     </span>
     <span class='ocr_line' id='line_1_10' title="bbox 160 827 1438 893; baseline -0.002 -18"><span class='ocrx_word' id='word_1_66' title='bbox 160 828 250 876; x_wconf 88' lang='lat' dir='ltr'><strong>turi</strong></span> <span class='ocrx_word' id='word_1_67' title='bbox 278 828 374 875; x_wconf 89' lang='lat' dir='ltr'><strong>sunt</strong></span> <span class='ocrx_word' id='word_1_68' title='bbox 388 864 402 887; x_wconf 86' lang='lat'>,</span> <span class='ocrx_word' id='word_1_69' title='bbox 429 845 520 875; x_wconf 91' lang='lat' dir='ltr'><strong>non</strong></span> <span class='ocrx_word' id='word_1_70' title='bbox 539 830 630 876; x_wconf 90' lang='lat' dir='ltr'><strong>eius</strong></span> <span class='ocrx_word' id='word_1_71' title='bbox 649 829 724 893; x_wconf 89' lang='lat' dir='ltr'><strong>qui</strong></span> <span class='ocrx_word' id='word_1_72' title='bbox 749 829 864 892; x_wconf 81' lang='lat' dir='ltr'><strong>pati,</strong></span> <span class='ocrx_word' id='word_1_73' title='bbox 890 846 944 876; x_wconf 91' lang='lat' dir='ltr'><strong>ne</strong></span> <span class='ocrx_word' id='word_1_74' title='bbox 964 828 993 874; x_wconf 89' lang='lat' dir='ltr'><strong>fi</strong></span> <span class='ocrx_word' id='word_1_75' title='bbox 1014 828 1088 874; x_wconf 88' lang='lat' dir='ltr'><strong>fiat</strong></span> <span class='ocrx_word' id='word_1_76' title='bbox 1108 827 1286 891; x_wconf 88' lang='lat' dir='ltr'><strong>quidem</strong></span> <span class='ocrx_word' id='word_1_77' title='bbox 1304 859 1318 883; x_wconf 88' lang='lat'>,</span> <span class='ocrx_word' id='word_1_78' title='bbox 1346 844 1438 873; x_wconf 89' lang='lat' dir='ltr'><strong>non</strong></span> 
     </span>
     <span class='ocr_line' id='line_1_11' title="bbox 159 899 1437 965; baseline 0 -19"><span class='ocrx_word' id='word_1_79' title='bbox 159 901 316 963; x_wconf 88' lang='lat' dir='ltr'><strong>potest.</strong></span> <span class='ocrx_word' id='word_1_80' title='bbox 352 903 497 947; x_wconf 86' lang='lat' dir='ltr'><strong>Immo</strong></span> <span class='ocrx_word' id='word_1_81' title='bbox 516 902 686 959; x_wconf 86' lang='lat' dir='ltr'><strong>nescio,</strong></span> <span class='ocrx_word' id='word_1_82' title='bbox 706 919 760 948; x_wconf 87' lang='lat' dir='ltr'><strong>an</strong></span> <span class='ocrx_word' id='word_1_83' title='bbox 778 903 912 965; x_wconf 81' lang='lat' dir='ltr'><strong>magis</strong></span> <span class='ocrx_word' id='word_1_84' title='bbox 931 903 1048 949; x_wconf 88' lang='lat' dir='ltr'><strong>vires</strong></span> <span class='ocrx_word' id='word_1_85' title='bbox 1069 900 1275 963; x_wconf 80' lang='lat' dir='ltr'><strong>sapientia</strong></span> <span class='ocrx_word' id='word_1_86' title='bbox 1296 899 1437 947; x_wconf 75' lang='lat' dir='ltr'><strong>osten·-</strong></span> 
     </span>
     <span class='ocr_line' id='line_1_12' title="bbox 159 973 1436 1038; baseline 0 -18"><span class='ocrx_word' id='word_1_87' title='bbox 159 974 232 1020; x_wconf 89' lang='lat' dir='ltr'><strong>dat</strong></span> <span class='ocrx_word' id='word_1_88' title='bbox 261 975 584 1038; x_wconf 83' lang='lat' dir='ltr'><strong>tranquillitatis</strong></span> <span class='ocrx_word' id='word_1_89' title='bbox 611 974 723 1022; x_wconf 86' lang='lat' dir='ltr'><strong>inter</strong></span> <span class='ocrx_word' id='word_1_90' title='bbox 753 974 997 1022; x_wconf 78' lang='lat' dir='ltr'><strong>lacessentia</strong></span> <span class='ocrx_word' id='word_1_91' title='bbox 1023 993 1033 1021; x_wconf 92' lang='lat'>:</span> <span class='ocrx_word' id='word_1_92' title='bbox 1061 973 1168 1020; x_wconf 73' lang='lat' dir='ltr'><strong>sicut</strong></span> <span class='ocrx_word' id='word_1_93' title='bbox 1196 974 1436 1020; x_wconf 78' lang='lat' dir='ltr'><strong>maximum</strong></span> 
     </span>
     <span class='ocr_line' id='line_1_13' title="bbox 159 1047 1439 1111; baseline 0.001 -18"><span class='ocrx_word' id='word_1_94' title='bbox 159 1061 464 1111; x_wconf 77' lang='lat' dir='ltr'><strong>argumentum</strong></span> <span class='ocrx_word' id='word_1_95' title='bbox 495 1047 556 1094; x_wconf 90' lang='lat' dir='ltr'><strong>est</strong></span> <span class='ocrx_word' id='word_1_96' title='bbox 583 1048 863 1110; x_wconf 84' lang='lat' dir='ltr'><strong>imperatoris</strong></span> <span class='ocrx_word' id='word_1_97' title='bbox 889 1047 1020 1094; x_wconf 85' lang='lat' dir='ltr'><strong>armis</strong></span> <span class='ocrx_word' id='word_1_98' title='bbox 1043 1047 1238 1109; x_wconf 83' lang='lat' dir='ltr'><strong>virisque</strong></span> <span class='ocrx_word' id='word_1_99' title='bbox 1268 1047 1439 1109; x_wconf 87' lang='lat' dir='ltr'><strong>pollen-</strong></span> 
     </span>
     <span class='ocr_line' id='line_1_14' title="bbox 157 1120 1436 1179; baseline 0.002 -13"><span class='ocrx_word' id='word_1_100' title='bbox 157 1120 237 1178; x_wconf 85' lang='lat' dir='ltr'><strong>tis,</strong></span> <span class='ocrx_word' id='word_1_101' title='bbox 262 1133 355 1169; x_wconf 89' lang='lat' dir='ltr'><strong>tuta</strong></span> <span class='ocrx_word' id='word_1_102' title='bbox 371 1121 574 1169; x_wconf 80' lang='lat' dir='ltr'><strong>securitas</strong></span> <span class='ocrx_word' id='word_1_103' title='bbox 603 1121 709 1168; x_wconf 82' lang='lat' dir='ltr'><strong>etin</strong></span> <span class='ocrx_word' id='word_1_104' title='bbox 736 1121 924 1168; x_wconf 84' lang='lat' dir='ltr'><strong>hostium</strong></span> <span class='ocrx_word' id='word_1_105' title='bbox 950 1134 1076 1168; x_wconf 86' lang='lat' dir='ltr'><strong>terra.</strong></span> <span class='ocrx_word' id='word_1_106' title='bbox 1092 1121 1387 1179; x_wconf 80' lang='lat' dir='ltr'><strong>Dividamus,</strong></span> <span class='ocrx_word' id='word_1_107' title='bbox 1408 1122 1436 1168; x_wconf 82' lang='lat' dir='ltr'>fi</span> 
     </span>
     <span class='ocr_line' id='line_1_15' title="bbox 158 1192 1436 1257; baseline 0.003 -20"><span class='ocrx_word' id='word_1_108' title='bbox 158 1192 236 1238; x_wconf 90' lang='lat' dir='ltr'><strong>tibi</strong></span> <span class='ocrx_word' id='word_1_109' title='bbox 267 1192 469 1248; x_wconf 90' lang='lat' dir='ltr'><strong>videtur,</strong></span> <span class='ocrx_word' id='word_1_110' title='bbox 506 1198 696 1248; x_wconf 88' lang='lat' dir='ltr'><strong>Serene,</strong></span> <span class='ocrx_word' id='word_1_111' title='bbox 726 1193 927 1240; x_wconf 85' lang='lat' dir='ltr'><strong>iniuriam</strong></span> <span class='ocrx_word' id='word_1_112' title='bbox 955 1211 979 1240; x_wconf 89' lang='lat' dir='ltr'><strong>a</strong></span> <span class='ocrx_word' id='word_1_113' title='bbox 1007 1194 1285 1241; x_wconf 84' lang='lat' dir='ltr'><strong>contumelia.</strong></span> <span class='ocrx_word' id='word_1_114' title='bbox 1314 1195 1436 1257; x_wconf 85' lang='lat' dir='ltr'><strong>prior</strong></span> 
     </span>
     <span class='ocr_line' id='line_1_16' title="bbox 155 1265 1439 1330; baseline 0.005 -21"><span class='ocrx_word' id='word_1_115' title='bbox 155 1265 228 1310; x_wconf 87' lang='lat' dir='ltr'><strong>illa</strong></span> <span class='ocrx_word' id='word_1_116' title='bbox 242 1277 393 1313; x_wconf 86' lang='lat' dir='ltr'><strong>natura</strong></span> <span class='ocrx_word' id='word_1_117' title='bbox 407 1266 588 1330; x_wconf 88' lang='lat' dir='ltr'><strong>gravior</strong></span> <span class='ocrx_word' id='word_1_118' title='bbox 603 1266 689 1313; x_wconf 84' lang='lat' dir='ltr'><strong>est:</strong></span> <span class='ocrx_word' id='word_1_119' title='bbox 711 1267 815 1314; x_wconf 89' lang='lat' dir='ltr'><strong>haec</strong></span> <span class='ocrx_word' id='word_1_120' title='bbox 835 1266 977 1314; x_wconf 87' lang='lat' dir='ltr'><strong>levior</strong></span> <span class='ocrx_word' id='word_1_121' title='bbox 991 1302 1005 1324; x_wconf 88' lang='lat'>‚</span> <span class='ocrx_word' id='word_1_122' title='bbox 1027 1280 1069 1312; x_wconf 89' lang='lat' dir='ltr'><strong>et</strong></span> <span class='ocrx_word' id='word_1_123' title='bbox 1087 1278 1254 1313; x_wconf 87' lang='lat' dir='ltr'><strong>tantum</strong></span> <span class='ocrx_word' id='word_1_124' title='bbox 1276 1269 1439 1316; x_wconf 86' lang='lat' dir='ltr'><strong>delica-</strong></span> 
     </span>
     <span class='ocr_line' id='line_1_17' title="bbox 155 1337 1436 1402; baseline 0.003 -19"><span class='ocrx_word' id='word_1_125' title='bbox 155 1338 209 1384; x_wconf 87' lang='lat' dir='ltr'><strong>tis</strong></span> <span class='ocrx_word' id='word_1_126' title='bbox 226 1339 369 1400; x_wconf 86' lang='lat' dir='ltr'><strong>gravis</strong></span> <span class='ocrx_word' id='word_1_127' title='bbox 388 1356 397 1384; x_wconf 93' lang='lat'><strong>:</strong></span> <span class='ocrx_word' id='word_1_128' title='bbox 419 1355 504 1402; x_wconf 87' lang='lat' dir='ltr'><strong>qua</strong></span> <span class='ocrx_word' id='word_1_129' title='bbox 523 1355 614 1385; x_wconf 89' lang='lat' dir='ltr'><strong>non</strong></span> <span class='ocrx_word' id='word_1_130' title='bbox 634 1339 865 1385; x_wconf 89' lang='lat' dir='ltr'><strong>laeduntur</strong></span> <span class='ocrx_word' id='word_1_131' title='bbox 880 1374 893 1393; x_wconf 92' lang='lat'>‚</span> <span class='ocrx_word' id='word_1_132' title='bbox 914 1338 984 1385; x_wconf 90' lang='lat' dir='ltr'><strong>sed</strong></span> <span class='ocrx_word' id='word_1_133' title='bbox 1001 1337 1303 1387; x_wconf 78' lang='lat' dir='ltr'><strong>offenduntur.</strong></span> <span class='ocrx_word' id='word_1_134' title='bbox 1319 1342 1436 1387; x_wconf 79' lang='lat' dir='ltr'><strong>Tan-</strong></span> 
     </span>
     <span class='ocr_line' id='line_1_18' title="bbox 153 1411 1437 1477; baseline 0.002 -19"><span class='ocrx_word' id='word_1_135' title='bbox 153 1425 197 1458; x_wconf 88' lang='lat' dir='ltr'><strong>ta</strong></span> <span class='ocrx_word' id='word_1_136' title='bbox 216 1412 276 1459; x_wconf 91' lang='lat' dir='ltr'><strong>est</strong></span> <span class='ocrx_word' id='word_1_137' title='bbox 294 1428 440 1460; x_wconf 91' lang='lat' dir='ltr'><strong>tamen</strong></span> <span class='ocrx_word' id='word_1_138' title='bbox 464 1414 712 1460; x_wconf 89' lang='lat' dir='ltr'><strong>animorum</strong></span> <span class='ocrx_word' id='word_1_139' title='bbox 741 1413 966 1459; x_wconf 76' lang='lat' dir='ltr'><strong>dissolutio</strong></span> <span class='ocrx_word' id='word_1_140' title='bbox 983 1424 1026 1459; x_wconf 88' lang='lat' dir='ltr'><strong>et</strong></span> <span class='ocrx_word' id='word_1_141' title='bbox 1044 1411 1239 1472; x_wconf 85' lang='lat' dir='ltr'><strong>vanitas,</strong></span> <span class='ocrx_word' id='word_1_142' title='bbox 1268 1425 1317 1460; x_wconf 89' lang='lat' dir='ltr'><strong>ut</strong></span> <span class='ocrx_word' id='word_1_143' title='bbox 1337 1413 1437 1477; x_wconf 49' lang='lat' dir='ltr'><strong>qui*</strong></span> 
     </span>
     <span class='ocr_line' id='line_1_19' title="bbox 153 1486 1437 1551; baseline 0.002 -20"><span class='ocrx_word' id='word_1_144' title='bbox 153 1486 253 1532; x_wconf 90' lang='lat' dir='ltr'><strong>dam</strong></span> <span class='ocrx_word' id='word_1_145' title='bbox 275 1487 381 1534; x_wconf 87' lang='lat' dir='ltr'><strong>nihil</strong></span> <span class='ocrx_word' id='word_1_146' title='bbox 401 1488 596 1535; x_wconf 84' lang='lat' dir='ltr'><strong>acerbius</strong></span> <span class='ocrx_word' id='word_1_147' title='bbox 617 1500 782 1550; x_wconf 89' lang='lat' dir='ltr'><strong>putent.</strong></span> <span class='ocrx_word' id='word_1_148' title='bbox 819 1488 888 1534; x_wconf 86' lang='lat' dir='ltr'><strong>Sic</strong></span> <span class='ocrx_word' id='word_1_149' title='bbox 908 1486 1109 1534; x_wconf 86' lang='lat' dir='ltr'><strong>invenies</strong></span> <span class='ocrx_word' id='word_1_150' title='bbox 1137 1487 1308 1533; x_wconf 87' lang='lat' dir='ltr'><strong>servum</strong></span> <span class='ocrx_word' id='word_1_151' title='bbox 1324 1524 1338 1543; x_wconf 93' lang='lat'>‚</span> <span class='ocrx_word' id='word_1_152' title='bbox 1361 1488 1437 1551; x_wconf 87' lang='lat' dir='ltr'><strong>qui</strong></span> 
     </span>
     <span class='ocr_line' id='line_1_20' title="bbox 153 1560 1435 1627; baseline 0.002 -20"><span class='ocrx_word' id='word_1_153' title='bbox 153 1560 332 1626; x_wconf 84' lang='lat' dir='ltr'><strong>flagellis</strong></span> <span class='ocrx_word' id='word_1_154' title='bbox 360 1579 492 1627; x_wconf 90' lang='lat' dir='ltr'><strong>quam</strong></span> <span class='ocrx_word' id='word_1_155' title='bbox 523 1563 719 1625; x_wconf 83' lang='lat' dir='ltr'><strong>colaphis</strong></span> <span class='ocrx_word' id='word_1_156' title='bbox 740 1563 862 1610; x_wconf 89' lang='lat' dir='ltr'><strong>caedi</strong></span> <span class='ocrx_word' id='word_1_157' title='bbox 890 1562 1045 1619; x_wconf 86' lang='lat' dir='ltr'><strong>malit,</strong></span> <span class='ocrx_word' id='word_1_158' title='bbox 1074 1577 1117 1608; x_wconf 81' lang='lat' dir='ltr'><strong>et·</strong></span> <span class='ocrx_word' id='word_1_159' title='bbox 1136 1562 1213 1625; x_wconf 84' lang='lat' dir='ltr'><strong>qui</strong></span> <span class='ocrx_word' id='word_1_160' title='bbox 1243 1576 1435 1610; x_wconf 90' lang='lat' dir='ltr'><strong>mortem</strong></span> 
     </span>
     <span class='ocr_line' id='line_1_21' title="bbox 153 1636 1433 1698; baseline 0.002 -17"><span class='ocrx_word' id='word_1_161' title='bbox 153 1652 204 1682; x_wconf 86' lang='lat' dir='ltr'><strong>ac</strong></span> <span class='ocrx_word' id='word_1_162' title='bbox 225 1637 407 1683; x_wconf 89' lang='lat' dir='ltr'><strong>verbera</strong></span> <span class='ocrx_word' id='word_1_163' title='bbox 432 1637 726 1684; x_wconf 86' lang='lat' dir='ltr'><strong>tolerabiliora</strong></span> <span class='ocrx_word' id='word_1_164' title='bbox 752 1636 926 1691; x_wconf 87' lang='lat' dir='ltr'><strong>credat,</strong></span> <span class='ocrx_word' id='word_1_165' title='bbox 955 1651 1088 1698; x_wconf 84' lang='lat' dir='ltr'><strong>quam</strong></span> <span class='ocrx_word' id='word_1_166' title='bbox 1116 1636 1433 1683; x_wconf 86' lang='lat' dir='ltr'><strong>contumeliosa</strong></span> 
     </span>
     <span class='ocr_line' id='line_1_22' title="bbox 154 1703 1435 1772; baseline 0.002 -17"><span class='ocrx_word' id='word_1_167' title='bbox 154 1703 306 1757; x_wconf 65' lang='lat' dir='ltr'><strong>verba.&gt;</strong></span> <span class='ocrx_word' id='word_1_168' title='bbox 334 1711 402 1756; x_wconf 94' lang='lat' dir='ltr'><strong>Ad</strong></span> <span class='ocrx_word' id='word_1_169' title='bbox 423 1723 561 1757; x_wconf 88' lang='lat' dir='ltr'><strong>tantas</strong></span> <span class='ocrx_word' id='word_1_170' title='bbox 580 1710 764 1771; x_wconf 86' lang='lat' dir='ltr'><strong>ineptias</strong></span> <span class='ocrx_word' id='word_1_171' title='bbox 783 1723 1048 1772; x_wconf 88' lang='lat' dir='ltr'><strong>perventum</strong></span> <span class='ocrx_word' id='word_1_172' title='bbox 1063 1709 1124 1755; x_wconf 86' lang='lat' dir='ltr'><strong>est</strong></span> <span class='ocrx_word' id='word_1_173' title='bbox 1140 1741 1153 1765; x_wconf 92' lang='lat'>,</span> <span class='ocrx_word' id='word_1_174' title='bbox 1174 1722 1220 1755; x_wconf 89' lang='lat' dir='ltr'><strong>ut</strong></span> <span class='ocrx_word' id='word_1_175' title='bbox 1240 1726 1331 1755; x_wconf 92' lang='lat' dir='ltr'><strong>non</strong></span> <span class='ocrx_word' id='word_1_176' title='bbox 1353 1711 1435 1757; x_wconf 82' lang='lat' dir='ltr'><strong>do-</strong></span> 
     </span>
     <span class='ocr_line' id='line_1_23' title="bbox 151 1781 1433 1845; baseline 0.001 -17"><span class='ocrx_word' id='word_1_177' title='bbox 151 1783 248 1829; x_wconf 90' lang='lat' dir='ltr'><strong>lore</strong></span> <span class='ocrx_word' id='word_1_178' title='bbox 278 1794 444 1829; x_wconf 87' lang='lat' dir='ltr'><strong>tantum</strong></span> <span class='ocrx_word' id='word_1_179' title='bbox 459 1818 473 1841; x_wconf 91' lang='lat'>,</span> <span class='ocrx_word' id='word_1_180' title='bbox 495 1782 568 1829; x_wconf 91' lang='lat' dir='ltr'><strong>sed</strong></span> <span class='ocrx_word' id='word_1_181' title='bbox 597 1782 763 1828; x_wconf 89' lang='lat' dir='ltr'><strong>doloris</strong></span> <span class='ocrx_word' id='word_1_182' title='bbox 793 1781 1006 1845; x_wconf 89' lang='lat' dir='ltr'><strong>opinione</strong></span> <span class='ocrx_word' id='word_1_183' title='bbox 1034 1798 1250 1828; x_wconf 84' lang='lat' dir='ltr'><strong>vexemur</strong></span> <span class='ocrx_word' id='word_1_184' title='bbox 1272 1800 1282 1828; x_wconf 76' lang='grc' dir='ltr'>ε</span> <span class='ocrx_word' id='word_1_185' title='bbox 1308 1799 1433 1829; x_wconf 89' lang='lat' dir='ltr'><strong>more</strong></span> 
     </span>
     <span class='ocr_line' id='line_1_24' title="bbox 149 1854 1432 1921; baseline 0 -18"><span class='ocrx_word' id='word_1_186' title='bbox 149 1874 420 1920; x_wconf 89' lang='lat' dir='ltr'><strong>puerorum,</strong></span> <span class='ocrx_word' id='word_1_187' title='bbox 444 1858 603 1921; x_wconf 90' lang='lat' dir='ltr'><strong>quibus</strong></span> <span class='ocrx_word' id='word_1_188' title='bbox 621 1869 762 1904; x_wconf 84' lang='lat' dir='ltr'><strong>metus</strong></span> <span class='ocrx_word' id='word_1_189' title='bbox 780 1856 936 1902; x_wconf 86' lang='lat' dir='ltr'><strong>incutit</strong></span> <span class='ocrx_word' id='word_1_190' title='bbox 960 1854 1112 1901; x_wconf 84' lang='lat' dir='ltr'><strong>umbra</strong></span> <span class='ocrx_word' id='word_1_191' title='bbox 1128 1892 1141 1912; x_wconf 87' lang='lat'>‚</span> <span class='ocrx_word' id='word_1_192' title='bbox 1161 1868 1203 1902; x_wconf 90' lang='lat' dir='ltr'><strong>et</strong></span> <span class='ocrx_word' id='word_1_193' title='bbox 1224 1858 1432 1919; x_wconf 85' lang='lat' dir='ltr'><strong>persona-</strong></span> 
     </span>
     <span class='ocr_line' id='line_1_25' title="bbox 150 1929 1434 1992; baseline -0.001 -15"><span class='ocrx_word' id='word_1_194' title='bbox 150 1949 248 1977; x_wconf 79' lang='lat' dir='ltr'><strong>rum</strong></span> <span class='ocrx_word' id='word_1_195' title='bbox 269 1931 526 1980; x_wconf 89' lang='lat' dir='ltr'><strong>deformitas</strong></span> <span class='ocrx_word' id='word_1_196' title='bbox 541 1966 555 1989; x_wconf 88' lang='lat'>,</span> <span class='ocrx_word' id='word_1_197' title='bbox 578 1943 621 1977; x_wconf 92' lang='lat' dir='ltr'><strong>et</strong></span> <span class='ocrx_word' id='word_1_198' title='bbox 648 1931 885 1992; x_wconf 85' lang='lat' dir='ltr'><strong>depravata</strong></span> <span class='ocrx_word' id='word_1_199' title='bbox 909 1929 1068 1984; x_wconf 75' lang='lat' dir='ltr'><strong>facie83</strong></span> <span class='ocrx_word' id='word_1_200' title='bbox 1098 1930 1297 1976; x_wconf 81' lang='lat' dir='ltr'><strong>lacrimas</strong></span> <span class='ocrx_word' id='word_1_201' title='bbox 1321 1947 1434 1977; x_wconf 84' lang='lat' dir='ltr'><strong>vero</strong></span> 
     </span>
     <span class='ocr_line' id='line_1_26' title="bbox 149 2003 1430 2066; baseline -0.002 -15"><span class='ocrx_word' id='word_1_202' title='bbox 149 2017 341 2052; x_wconf 85' lang='lat' dir='ltr'><strong>evocant</strong></span> <span class='ocrx_word' id='word_1_203' title='bbox 365 2005 546 2050; x_wconf 87' lang='lat' dir='ltr'><strong>nomina</strong></span> <span class='ocrx_word' id='word_1_204' title='bbox 563 2021 715 2066; x_wconf 88' lang='lat' dir='ltr'><strong>parum</strong></span> <span class='ocrx_word' id='word_1_205' title='bbox 738 2017 857 2066; x_wconf 84' lang='lat' dir='ltr'><strong>grata</strong></span> <span class='ocrx_word' id='word_1_206' title='bbox 877 2004 1078 2061; x_wconf 85' lang='lat' dir='ltr'><strong>auribus,</strong></span> <span class='ocrx_word' id='word_1_207' title='bbox 1112 2016 1153 2049; x_wconf 91' lang='lat' dir='ltr'><strong>et</strong></span> <span class='ocrx_word' id='word_1_208' title='bbox 1187 2003 1430 2065; x_wconf 79' lang='lat' dir='ltr'><strong>digitorum</strong></span> 
     </span>
     <span class='ocr_line' id='line_1_27' title="bbox 149 2076 1430 2140; baseline 0 -17"><span class='ocrx_word' id='word_1_209' title='bbox 149 2092 323 2133; x_wconf 86' lang='lat' dir='ltr'><strong>motus,</strong></span> <span class='ocrx_word' id='word_1_210' title='bbox 353 2090 395 2123; x_wconf 92' lang='lat' dir='ltr'><strong>et</strong></span> <span class='ocrx_word' id='word_1_211' title='bbox 415 2077 494 2123; x_wconf 91' lang='lat' dir='ltr'><strong>alia</strong></span> <span class='ocrx_word' id='word_1_212' title='bbox 508 2113 522 2136; x_wconf 86' lang='lat'>‚</span> <span class='ocrx_word' id='word_1_213' title='bbox 548 2093 662 2140; x_wconf 87' lang='lat' dir='ltr'><strong>quae</strong></span> <span class='ocrx_word' id='word_1_214' title='bbox 677 2076 843 2138; x_wconf 89' lang='lat' dir='ltr'><strong>impetu</strong></span> <span class='ocrx_word' id='word_1_215' title='bbox 863 2077 1058 2138; x_wconf 84' lang='lat' dir='ltr'><strong>quodam</strong></span> <span class='ocrx_word' id='word_1_216' title='bbox 1077 2077 1238 2122; x_wconf 77' lang='lat' dir='ltr'><strong>erroris</strong></span> <span class='ocrx_word' id='word_1_217' title='bbox 1257 2076 1430 2138; x_wconf 83' lang='lat' dir='ltr'><strong>impro-</strong></span> 
     </span>
     <span class='ocr_line' id='line_1_28' title="bbox 148 2151 502 2215; baseline 0 -16"><span class='ocrx_word' id='word_1_218' title='bbox 148 2151 244 2200; x_wconf 86' lang='lat' dir='ltr'><strong>vidi</strong></span> <span class='ocrx_word' id='word_1_219' title='bbox 267 2151 502 2215; x_wconf 82' lang='lat' dir='ltr'><strong>refugiunt.</strong></span> 
     </span>
    </p>

    <p class='ocr_par' dir='ltr' id='par_1_3' title="bbox 144 2222 1429 2504">
     <span class='ocr_line' id='line_1_29' title="bbox 213 2222 1428 2288; baseline -0.001 -18"><span class='ocrx_word' id='word_1_220' title='bbox 213 2225 452 2276; x_wconf 72' lang='lat' dir='ltr'><strong>V.&#39;Iniuria</strong></span> <span class='ocrx_word' id='word_1_221' title='bbox 482 2225 756 2288; x_wconf 79' lang='lat' dir='ltr'><strong>propositum</strong></span> <span class='ocrx_word' id='word_1_222' title='bbox 788 2225 875 2270; x_wconf 90' lang='lat' dir='ltr'><strong>hoc</strong></span> <span class='ocrx_word' id='word_1_223' title='bbox 899 2224 1057 2277; x_wconf 83' lang='lat' dir='ltr'><strong>habet,</strong></span> <span class='ocrx_word' id='word_1_224' title='bbox 1089 2222 1280 2285; x_wconf 82' lang='lat' dir='ltr'><strong>aliquem</strong></span> <span class='ocrx_word' id='word_1_225' title='bbox 1310 2222 1428 2269; x_wconf 83' lang='lat' dir='ltr'><strong>malo</strong></span> 
     </span>
     <span class='ocr_line' id='line_1_30' title="bbox 147 2295 1429 2359; baseline -0.002 -16"><span class='ocrx_word' id='word_1_226' title='bbox 147 2297 320 2343; x_wconf 81' lang='lat' dir='ltr'><strong>afficere</strong></span> <span class='ocrx_word' id='word_1_227' title='bbox 341 2298 488 2344; x_wconf 88' lang='lat' dir='ltr'><strong>:malo</strong></span> <span class='ocrx_word' id='word_1_228' title='bbox 515 2312 659 2344; x_wconf 86' lang='lat' dir='ltr'><strong>autem</strong></span> <span class='ocrx_word' id='word_1_229' title='bbox 683 2297 886 2359; x_wconf 84' lang='lat' dir='ltr'><strong>sapientia</strong></span> <span class='ocrx_word' id='word_1_230' title='bbox 918 2312 1008 2340; x_wconf 86' lang='lat' dir='ltr'><strong>non</strong></span> <span class='ocrx_word' id='word_1_231' title='bbox 1035 2295 1241 2357; x_wconf 86' lang='lat' dir='ltr'><strong>relinquit</strong></span> <span class='ocrx_word' id='word_1_232' title='bbox 1265 2295 1429 2341; x_wconf 73' lang='lat' dir='ltr'><strong>locum„</strong></span> 
     </span>
     <span class='ocr_line' id='line_1_31' title="bbox 147 2369 1428 2431; baseline -0.002 -15"><span class='ocrx_word' id='word_1_233' title='bbox 147 2372 300 2416; x_wconf 90' lang='lat' dir='ltr'><strong>Unum</strong></span> <span class='ocrx_word' id='word_1_234' title='bbox 323 2371 439 2416; x_wconf 90' lang='lat' dir='ltr'><strong>enim</strong></span> <span class='ocrx_word' id='word_1_235' title='bbox 468 2372 628 2416; x_wconf 89' lang='lat' dir='ltr'><strong>malum</strong></span> <span class='ocrx_word' id='word_1_236' title='bbox 656 2372 716 2416; x_wconf 77' lang='lat' dir='ltr'><strong>illi</strong></span> <span class='ocrx_word' id='word_1_237' title='bbox 746 2369 806 2414; x_wconf 87' lang='lat' dir='ltr'><strong>est</strong></span> <span class='ocrx_word' id='word_1_238' title='bbox 832 2369 1088 2431; x_wconf 82' lang='lat' dir='ltr'><strong>turpitudo:</strong></span> <span class='ocrx_word' id='word_1_239' title='bbox 1123 2385 1234 2431; x_wconf 84' lang='lat' dir='ltr'><strong>quae</strong></span> <span class='ocrx_word' id='word_1_240' title='bbox 1267 2369 1428 2414; x_wconf 78' lang='lat' dir='ltr'><strong>intrare</strong></span> 
     </span>
     <span class='ocr_line' id='line_1_32' title="bbox 144 2439 1423 2504; baseline 0 -16"><span class='ocrx_word' id='word_1_241' title='bbox 144 2458 233 2502; x_wconf 78' lang='lat' dir='ltr'><strong>eo,</strong></span> <span class='ocrx_word' id='word_1_242' title='bbox 268 2441 343 2488; x_wconf 89' lang='lat' dir='ltr'><strong>ubi</strong></span> <span class='ocrx_word' id='word_1_243' title='bbox 376 2440 461 2499; x_wconf 82' lang='lat' dir='ltr'><strong>iam</strong></span> <span class='ocrx_word' id='word_1_244' title='bbox 491 2442 631 2491; x_wconf 86' lang='lat' dir='ltr'><strong>virtus</strong></span> <span class='ocrx_word' id='word_1_245' title='bbox 667 2441 985 2504; x_wconf 79' lang='lat' dir='ltr'><strong>honestumque</strong></span> <span class='ocrx_word' id='word_1_246' title='bbox 1018 2440 1103 2500; x_wconf 88' lang='lat' dir='ltr'><strong>est,</strong></span> <span class='ocrx_word' id='word_1_247' title='bbox 1138 2456 1228 2486; x_wconf 87' lang='lat' dir='ltr'><strong>non</strong></span> <span class='ocrx_word' id='word_1_248' title='bbox 1256 2439 1423 2503; x_wconf 80' lang='lat' dir='ltr'><strong>potest:</strong></span> 
     </span>
    </p>
   </div>
   <div class='ocr_carea' id='block_1_3' title="bbox 719 2551 735 2577">
    <p class='ocr_par' dir='ltr' id='par_1_4' title="bbox 719 2551 735 2577">
     <span class='ocr_line' id='line_1_33' title="bbox 719 2551 735 2577; baseline 0 0"><span class='ocrx_word' id='word_1_249' title='bbox 719 2551 735 2577; x_wconf 36' lang='grc' dir='ltr'><strong>ὲ»</strong></span> 
     </span>
    </p>
   </div>
  </div>
 </body>
</html>
