1741 2919
500 174 603 224 DE
656 173 794 221 [ΒΑ
847 156 984 219 Ltss.
1036 171 1070 219 Ι.
1382 171 1436 220 17

135 299 210 336 te:
237 284 465 335 volentem
485 320 500 343 ,
529 284 795 331 iudicantem
815 319 828 342 ‚
853 282 1191 346 providentem,
1220 295 1313 328 non
1347 282 1432 328 imm

138 360 311 425 pulsum
332 373 374 407 et
401 359 624 405 rabidum.
652 357 809 404 Nullus
838 356 954 402 enim
977 355 1152 403 affefius
1176 355 1433 405 vindicandi

139 437 346 501 cupidior
363 435 424 483 est
438 467 453 489 ‚
479 450 611 498 quam
631 433 718 479 ira:
740 445 783 479 et
801 432 862 478 ob
884 432 930 478 id
954 431 1094 494 ipsum
1120 432 1174 479 ad
1202 432 1434 480 vindican-

142 512 248 559 dum
275 510 504 566 inhabilis,
541 507 796 571 praerapida
825 518 869 552 et
894 522 1071 552 amens:
1100 520 1146 553 ut
1168 506 1313 553 omnis
1342 505 1435 553 fere

141 584 358 648 cupiditas
374 581 463 644 ipsa
480 580 584 627 fibi
574 598 619 627 in
634 581 702 638 id,
720 580 764 626 in
783 581 902 644 quod
919 593 1152 642 properat,
1173 580 1436 643 opponitur

143 662 295 724 Itaque
315 658 462 707 necin
487 674 617 721 pace,
646 673 726 703 nec
746 656 790 702 in
818 657 899 702 bel}
903 672 959 713 0,
979 673 1174 720 unquam
1196 658 1315 705 hona
1339 656 1436 703 fuit.

143 734 299 779 Pacem
319 730 436 777 enim
458 729 639 775 similem
659 725 761 776 belli
781 726 943 773 efficit:
967 726 1011 772 in
1030 727 1160 775 armis
1187 745 1299 775 vero
1319 727 1437 775 obli-

142 803 326 851 viscitur
356 799 659 847 Martemeffe
683 816 997 854 communem,
1025 801 1235 863 venitque
1255 800 1300 848 in
1330 800 1437 847 alie—

145 894 246 924 nam
259 874 515 940 potestatem
527 909 540 932 ,
559 874 663 919 dum
682 875 726 919 in
741 873 814 920 sua
832 889 921 919 non
943 874 1017 920 est.
1032 873 1209 920 Deinde
1226 890 1318 920 non
1333 873 1437 920 ideo

146 953 258 1002 vitia
277 953 321 998 in
340 950 461 997 usum
482 948 731 1011 recipienda
751 949 873 1006 sunt,
894 950 992 1013 quia
1014 950 1249 1013 aliquando
1272 947 1448 1013 aliquid·

149 1026 259 1074 boni
279 1024 532 1072 effecerunt.
551 1039 649 1068 nam
671 1034 713 1069 et
738 1022 883 1070 febres
906 1023 1120 1087 quaedam
1139 1039 1295 1086 genera
1315 1022 1439 1069 vale-—

147 1100 311 1148 tudinis
325 1099 473 1145 levant
495 1115 504 1141 :
529 1113 607 1143 nec
628 1097 731 1143 ideo
753 1114 842 1143 non
860 1114 913 1143 ex
932 1109 1030 1143 toto
1050 1097 1130 1143 illis
1148 1097 1326 1145 caruisse
1343 1112 1440 1142 mea

149 1173 234 1221 lius
251 1173 324 1220 est.
359 1170 717 1219 Abominandum
746 1172 925 1218 remedii
951 1189 1086 1235 genus
1115 1171 1198 1228 est,
1217 1169 1441 1219 sanitatem

152 1247 315 1295 debere
333 1246 512 1293 morbo.
548 1245 687 1291 Simili
712 1247 852 1292 modo
871 1248 933 1293 ira
953 1285 965 1304 ‚
987 1247 1153 1294 etiamsi
1175 1244 1407 1310 aliquando
1427 1283 1444 1306 ‚

151 1332 199 1367 ut
219 1334 437 1366 venenum
452 1353 467 1375 ,
485 1330 528 1365 et
549 1318 872 1381 praecipitatio,
893 1332 936 1365 et
956 1320 1252 1382 naustagium,
1272 1339 1326 1367 ex
1347 1320 1442 1366 ino-
1473 1347 1479 1352 -

152 1392 309 1456 pinato
331 1390 525 1455 profuit,
555 1409 647 1437 non
664 1392 770 1438 ideo
789 1392 979 1439 salutaris
999 1394 1186 1440 omnino
1211 1392 1443 1441 iudicanda

152 1464 228 1514 est.
261 1463 388 1528 saepe
405 1464 522 1510 enim
542 1464 665 1511 saluti
688 1463 812 1511 fuere
831 1465 1043 1526 pestifera.

221 1537 339 1584 X111.
353 1536 532 1584 Dei-nde
551 1553 661 1600 quae
679 1537 876 1583 habenda
889 1538 993 1584 sunt
1006 1539 1051 1583 in
1069 1537 1220 1597 bonis,
1237 1554 1330 1603 quo
1351 1554 1444 1585 ma-

156 1610 254 1658 iora
266 1647 281 1670 ,
297 1627 354 1658 eo
372 1611 557 1658 meliora
577 1625 620 1658 et
634 1610 893 1674 optabiliora
910 1610 1019 1657 sunt„
1040 1613 1083 1658 Si
1100 1612 1259 1659 iustitia
1273 1613 1444 1659 bonum

156 1685 243 1744 est,
262 1701 397 1732 nemo
418 1685 534 1732 dicet
554 1686 782 1732 meliorem
802 1684 1016 1743 futuram,
1033 1686 1063 1732 si
1080 1688 1186 1750 quid
1205 1687 1444 1734 detractum

154 1774 213 1806 ex
231 1775 280 1805 ea
305 1757 437 1806 fuerit
457 1775 468 1804 ε
487 1758 518 1804 si
537 1758 754 1807 fortitudo
775 1761 945 1807 bonum
965 1761 1026 1808 est
1042 1797 1054 1818 ,
1081 1778 1215 1808 nemo
1232 1762 1348 1809 illam
1369 1763 1447 1810 de-

158 1830 362 1878 fiderabit
387 1847 442 1878 ex
468 1832 613 1896 aliqua
646 1846 766 1897 parte
795 1835 986 1881 deminui
1016 1853 1025 1882 ε
1054 1852 1162 1899 ergo
1187 1848 1232 1883 et
1259 1837 1322 1884 ira
1353 1854 1448 1901 quo

159 1905 331 1961 maior,
358 1906 447 1954 hoc
474 1909 647 1955 melior.
676 1908 774 1971 quis
800 1910 915 1955 enim
949 1910 1078 1956 uiiius
1098 1911 1205 1957 boni
1235 1911 1449 1958 acceffio-

161 1996 262 2027 nem
283 1979 583 2028 recusaverit?
611 1981 734 2044 atqui
751 1982 898 2044 augeri
919 1983 1035 2029 illam
1057 1983 1205 2030 inutile
1231 1985 1291 2030 est
1312 2003 1322 2031 :
1341 2002 1451 2049 ergo

160 2065 206 2100 et
221 2053 323 2102 'effe-
341 2052 448 2100 Non
468 2053 529 2101 est
547 2055 738 2111 bonum,
768 2055 892 2118 quod
912 2056 1188 2103 incremento
1206 2059 1365 2104 malum
1388 2058 1453 2106 fit.

164 2125 325 2183 Utilis,
366 2126 537 2190 inquit,
573 2126 634 2173 ira
662 2126 747 2185 est,
768 2127 870 2190 quia
902 2130 1194 2191 pugnaciores
1218 2127 1335 2175 facit.
1364 2128 1450 2176 Isto

164 2201 307 2247 modo
330 2214 373 2248 et
400 2200 600 2248 ebrietas.
621 2201 741 2248 Facit
762 2203 878 2247 enim
900 2218 1139 2265 protervos
1169 2216 1212 2249 et
1240 2205 1452 2251 audaces:

166 2271 381 2337 multique
411 2273 616 2321 meliores
641 2274 694 2320 ad
724 2273 886 2320 ferrum
914 2275 1034 2321 fuere
1060 2277 1171 2322 male
1195 2277 1340 2324 sobrii.
1369 2278 1455 2326 Isto

167 2345 309 2392 modo
335 2346 406 2392 dic
433 2359 476 2392 et
499 2347 745 2410 phrenesim
766 2362 810 2394 et
841 2348 1050 2395 insaniam
1072 2350 1237 2395 viribus
1262 2351 1456 2397 necessa-

168 2419 315 2466 riam.
337 2420 438 2482 quia
457 2419 583 2485 saepe
602 2421 837 2468 validiores
857 2421 982 2468 furor
1006 2423 1158 2469 reddit
1180 2422 1375 2482 Quid?
1379 2441 1458 2470 on

169 2493 400 2554 aliquoties
418 2507 560 2540 metus
587 2510 611 2540 e
632 2494 856 2541 contrario
879 2494 985 2544 fecit
1005 2497 1239 2544 audacem
1231 2496 1248 2532 ἶ)
1276 2512 1318 2544 et
1336 2513 1459 2544 mor-

236 2558 287 2606 L.
306 2560 432 2604 Arm.
461 2562 631 2609 Seneca.
663 2562 758 2607 Vol
779 2561 819 2607 l.
1172 2563 1205 2607 13
