1741 2919
378 138 383 144 γ’
410 171 556 220 NoT.
590 173 688 218 m.
717 171 803 218 Da
838 173 882 218 L.
915 171 1055 218 ANN.
1091 170 1333 218 SENECA.
1429 184 1510 217 vn.

222 297 336 338 rum,
348 280 445 343 post
454 279 578 327 Burri
596 291 785 327 mortem
805 279 860 326 ad
878 278 1115 326 deteriores
1125 279 1357 326 inclinante
1369 279 1507 325 Nero==

223 363 303 404 ne,
319 347 369 393 δε
401 347 517 392 bona
539 349 728 393 Senecae
752 345 927 392 consilia
947 361 1040 391 non
1068 345 1250 407 amplius
1278 344 1506 401 audiente,

223 413 430 458 Senecam
447 410 756 457 adorientium.
784 410 885 456 Eius
902 409 1040 458 vitam
1066 421 1236 472 praeter
1248 408 1436 472 Lipsium
1457 410 1508 455 δε

223 478 362 522 Andr.
393 476 627 523 Schottum
664 491 756 521 non
788 475 1066 538 indiligenter
1092 475 1339 537 persecutus
1363 474 1423 520 est
1444 477 1504 520 M.

222 541 442 588 Antonius
466 541 626 586 Delrio
643 575 656 598 ,
677 540 753 604 qui
771 539 930 586 librum
960 539 1200 586 secundum
1232 539 1508 602 prolegome-

223 623 315 652 non
354 607 407 653 ad
440 606 680 669 Syntagma
708 606 958 668 tragoediae
983 605 1138 650 latinae
1165 604 1283 650 vitae
1316 605 1507 651 Senecae

222 670 527 718 describendae
564 670 795 732 impendit.
834 672 870 715 A
902 670 1119 715 Petrarclza
1153 668 1352 731 scriptam
1377 672 1507 715 Sene-

223 751 300 782 cae
332 736 469 782 vitam
512 749 732 781 memorat
762 734 1056 780 Thomafinus
1086 734 1131 780 in
1175 734 1403 780 petrarcha
1435 750 1505 780 re-

222 799 380 849 divivo
418 817 458 862 p.
498 817 571 862 25.
605 802 807 845 Nicolaus
846 802 1070 845 Antonius
1104 798 1177 844 lib.
1210 815 1246 843 1.
1282 798 1391 844 Bibl.
1422 815 1505 845 ve-

220 864 322 911 teris
358 865 576 927 Hispanae
615 882 708 927 cap.
739 881 768 924 7
805 865 891 927 seq.
919 864 995 927 qui
1022 865 1085 910 Io.
1118 864 1298 909 Paulum
1328 866 1504 927 Marty-

221 945 313 975 rem
350 931 401 976 &
424 929 671 976 Iannotium
707 934 966 976 Mannetum
990 929 1044 974 de
1075 928 1167 976 vita
1192 931 1377 975 Senecae
1408 945 1507 975 me-

222 1006 386 1041 morat:
418 1010 443 1040 e
469 994 784 1041 recentioribus
811 1005 981 1057 praeter
1009 993 1163 1040 citatos
1190 997 1252 1040 Io.
1272 996 1462 1040 Shila'ius
1489 1003 1504 1025 ²

222 1059 270 1105 in
308 1059 693 1106 exercitationibus
732 1059 786 1104 ad
823 1059 967 1105 Taciti
997 1060 1153 1105 Anna&
1189 1059 1262 1104 lib.
1290 1059 1396 1105 XV.
1431 1057 1508 1105 ubi

220 1135 410 1170 extrema
444 1121 632 1171 Senecae
676 1124 1005 1179 describuntur,
1037 1124 1172 1186 Lugrl.
1226 1124 1317 1169 Bat.
1354 1126 1467 1186 1645
1490 1158 1506 1180 ,

230 1206 245 1235 1
262 1207 300 1236 2.
328 1191 575 1250 Franciscus
601 1193 799 1234 Salvator
818 1189 1090 1235 Florentinus
1126 1198 1143 1217 2
1166 1188 1212 1234 in
1235 1188 1348 1233 libro
1381 1188 1504 1234 edito

223 1255 395 1300 Romae
429 1258 570 1316 1674,
601 1271 668 1300 12.
690 1257 724 1299 il
739 1254 914 1314 filofoso
937 1256 1190 1316 cortegiano‚
1209 1272 1324 1299 overo
1352 1256 1395 1298 la
1416 1256 1507 1298 vita

223 1322 268 1364 di
302 1323 456 1365 Seneca
476 1354 492 1376 ‚
519 1321 676 1365 Vener.
705 1322 819 1380 1675
843 1355 855 1376 ,
892 1335 960 1365 12.
993 1318 1100 1365 Aliis
1123 1318 1395 1364 Christianus
1414 1319 1504 1380 pla·
1530 1339 1531 1343 ¹

225 1400 280 1430 ne
312 1384 568 1447 Theologus
591 1384 709 1430 visus
739 1383 821 1429 fuit
850 1383 1039 1438 Seneca,
1068 1393 1082 1425 3
1108 1384 1274 1429 Atheus
1301 1383 1422 1438 aliis,
1445 1383 1505 1431 ita
1541 1439 1544 1441 Α

222 1460 271 1496 ut
302 1448 455 1495 nimias
480 1449 550 1495 alii
579 1448 728 1495 laudes
759 1448 805 1493 in
824 1466 925 1494 eum
955 1449 1243 1512 congerendo
1262 1484 1277 1506 ‚
1303 1448 1375 1494 alii
1397 1465 1505 1495 con-

172 1527 175 1532 ’
222 1513 348 1561 viciis
365 1514 593 1560 onerando
615 1515 666 1560 &
698 1513 934 1560 maledictis
957 1524 977 1552 4
999 1515 1186 1560 modum
1208 1514 1412 1577 utrinque
1432 1529 1505 1560 ex-

223 1578 445 1636 cesserint,
463 1579 576 1626 vitio
603 1578 770 1625 solenni
789 1578 953 1642 ingenii
968 1579 1154 1639 *humani
1169 1613 1183 1636 ‚
1208 1579 1260 1624 δέ
1279 1578 1371 1624 fato
1389 1579 1506 1626 haud

222 1643 490 1707 infrequenti
523 1660 786 1706 magnorum
817 1645 1044 1702 virorum,
1077 1644 1154 1707 qui
1177 1660 1254 1706 per
1280 1644 1507 1692 encomio·

222 1724 321 1755 rum
359 1709 410 1755 &
445 1708 814 1755 obtreciationum
853 1708 938 1756 sese
975 1720 1134 1756 mutuo
1173 1707 1506 1756 conficientium

225 1773 464 1821 certamina
489 1773 649 1820 famam
682 1773 904 1837 ingentem
923 1774 978 1821 ad
1014 1774 1215 1837 posteros
1246 1788 1507 1838 propagant.

283 1905 298 1929 1
319 1891 406 1931 Nic.
424 1891 568 1931 Heinsii
587 1900 769 1942 poemata
790 1904 829 1942 p.
897 1891 1126 1943 Basnagium
1150 1891 1200 1931 ad
1224 1892 1267 1932 A,
1300 1890 1341 1932 C.
1369 1891 1502 1932 LVHI.

229 1946 317 1997 263.
897 1959 991 1985 num
1004 1962 1039 1995 4.
1062 1945 1116 1984 les
1140 1942 1296 1995 pensces
1319 1945 1505 1986 duCom-

282 2014 304 2038 2
331 1999 510 2039 Giornale
527 1999 585 2038 de’
605 1998 771 2038 letterati
794 1999 834 2038 di
898 2007 936 2039 te
960 2000 1249 2040 d'Oxenstierna
1275 1999 1322 2040 T.
1342 2015 1376 2040 2.
1401 2012 1438 2050 p.
1456 2012 1507 2050 41,

227 2052 350 2093 Roma
372 2067 405 2092 a.
429 2054 539 2105 1674.
557 2067 594 2104 p.
618 2067 701 2105 137.
723 2054 835 2102 jour-
899 2053 952 2105 sq.

226 2106 289 2145 nal
302 2107 368 2146 des
387 2108 471 2147 Sav.
492 2108 602 2161 1675.
616 2121 653 2157 p.
669 2122 755 2158 271.
774 2107 836 2147 Iu·
953 2123 979 2157 4
997 2108 1096 2149 Vide
1117 2108 1157 2148 L.
1176 2108 1375 2147 Annaeum
1396 2108 1510 2148 Sene·

225 2159 266 2198 lii
284 2161 445 2212 Nigroni
460 2161 655 2200 istoriade'
670 2160 836 2200 scrittori
902 2175 989 2202 cam
1031 2162 1078 2202 ab
1114 2162 1291 2202 limando
1324 2160 1442 2201 Fabio
1473 2176 1510 2202 aa

227 2213 440 2255 Fiorentini
470 2228 506 2265 p.
538 2215 626 2255 218.
901 2216 1036 2256 theum
1054 2215 1337 2266 proclamatum
1360 2218 1395 2254 Sc
1416 2229 1437 2255 a
1453 2215 1511 2255 Ia-

287 2283 305 2322 3
325 2269 620 2309 Criminationes
642 2270 838 2309 variorum
903 2271 1003 2309 eobo
1037 2271 1148 2308 Petro
1178 2270 1355 2310 Huntero
1379 2269 1510 2308 defien-

230 2323 271 2361 in
323 2324 509 2364 Senecam
560 2323 838 2374 Philosophum
902 2324 997 2364 sum.
1043 2324 1278 2364 Ratisbonae
1322 2325 1431 2377 1651„
1471 2338 1508 2372 4.

233 2376 455 2427 collegitlo.
471 2378 838 2417 Hen1.Mcibon1ius
907 2382 943 2418 ὅ(
975 2391 1070 2429 quos
1101 2379 1149 2417 de
1183 2377 1368 2428 religione
1399 2378 1511 2417 Sene*

234 2431 275 2468 jn
294 2431 372 2470 vita
393 2431 630 2470 Maecenatis
653 2444 685 2471 c.
715 2447 774 2471 22.
800 2446 838 2482 p.
911 2446 979 2474 cae
996 2431 1114 2473 laudo
1138 2432 1235 2471 infra
1258 2432 1287 2481 §q
1308 2431 1378 2473 IX.

236 2497 323 2538 132,
342 2484 395 2537 sq.
417 2484 581 2526 Consule
605 2486 724 2528 etiam
740 2487 848 2528 Sami

1188 2557 1213 2589 a
1242 2541 1290 2591 iv
