1741 2919
316 118 430 192 'Dia
463 142 1006 204 TRANQUimn-we
1043 141 1229 187 ANM.
1344 155 1430 200 243

157 252 454 302 molestiffima
480 250 691 307 dixerim,
715 262 763 296 ut
782 248 925 294 hostes
958 263 1121 310 vagos,
1152 259 1195 294 et
1225 263 1280 293 ex
1306 262 1440 293 occa-

161 327 352 374 sionibus
376 326 606 372 affilientes
622 359 634 380 ,
652 339 729 385 per
748 337 864 385 quos
882 334 1085 367 neutrum
1104 320 1227 376 licet,
1246 335 1326 366 nec
1347 331 1440 364 tan·

160 417 292 465 quam
322 400 368 446 in
400 400 515 446 bello
541 408 734 460 paratum
772 393 883 452 effe,
916 411 996 441 nec
1027 409 1234 457 tanquam
1260 394 1305 439 in
1335 409 1441 456 pace

161 473 373 520 securum.
395 471 516 518 Illum
538 482 682 516 tamen
702 467 898 514 habitum
919 468 962 514 in
982 486 1053 515 me
1073 468 1260 514 maixime
1280 469 1440 531 depre-

161 546 312 593 hendo
341 545 500 609 (quare
521 543 640 590 enim
664 540 756 588 nori
787 557 945 587 verum
974 555 1023 588 ut
1047 539 1222 587 medico
1243 539 1438 601 fatear?)

160 637 243 666 nec
266 621 383 667 bona
404 617 491 664 fide
512 616 746 663 liberatum
770 613 845 668 iis,
877 630 987 677 quae
1016 613 1227 660 timebam
1259 624 1301 659 et
1331 615 1442 659 ode-

161 709 253 739 ram
269 728 283 751 ‚
308 707 388 738 nec
406 689 550 736 rursus
570 688 834 735 obnoxium.
869 690 914 732 ln
934 686 1043 734 statu
1060 699 1107 733 ut
1126 704 1217 733 non
1237 688 1445 750 peffimo,

161 766 222 813 ita
244 766 434 813 maxime
459 759 644 828 querulo
661 777 704 809 et
726 761 908 808 moroso
928 760 1092 823 positus
1115 761 1207 808 sum
1232 780 1241 807 :
1266 779 1348 809 nec
1370 779 1442 809 ae-

161 855 294 904 groto
313 876 326 898 ‚
357 857 440 886 nec
471 839 615 885 valeo.
669 837 775 883 Non
805 835 866 882 est
897 836 1020 899 quod
1052 837 1200 892 dicas,
1234 838 1442 884 omnium

161 913 376 960 virtutum
403 926 551 960 tenera
574 910 658 957 effe
688 908 924 972 principia,
952 921 1152 973 tempore
1179 910 1278 974 ipsis
1305 900 1438 958 dura-

162 997 361 1032 mentum
397 997 440 1032 et
476 984 614 1030 robur
649 982 868 1030 accedere.
925 983 1030 1027 Non
1067 982 1231 1046 ignoro
1259 1019 1272 1042 ,
1311 984 1444 1032 etiam

161 1075 273 1120 quae
301 1057 346 1105 in
372 1058 561 1120 speciem
589 1056 814 1111 laborant,
845 1053 1096 1116 dignitatem
1126 1056 1228 1102 dico
1247 1093 1259 1113 ‚
1288 1069 1331 1105 et
1349 1058 1447 1105 elo·-

162 1128 370 1191 quentiae
394 1127 552 1174 famam
569 1162 582 1183 ‚
601 1141 644 1173 et
670 1125 883 1189 quidquid
909 1126 963 1171 ad
982 1125 1169 1173 alienum
1193 1127 1444 1193 suffragium

160 1202 305 1260 venit,
334 1202 458 1248 mora
490 1199 798 1247 convalescere
820 1216 830 1245 :
857 1210 899 1246 et
926 1217 1035 1263 quae
1062 1219 1189 1251 veras
1219 1207 1335 1255 vires
1368 1227 1447 1272 pa-

162 1292 288 1334 rant,
317 1290 359 1326 et
389 1294 502 1341 quae
535 1277 591 1322 ad
625 1276 884 1340 placendum
915 1274 1023 1323 fuco
1052 1279 1248 1339 quodam
1283 1282 1445 1329 subor-

163 1363 322 1397 nantur
340 1387 354 1409 ,
385 1351 630 1412 εκῐρεξὶευη
653 1363 819 1406 annm,
847 1348 990 1395 donec
1011 1350 1218 1412 paulatim
1245 1354 1445 1403 colorem

163 1424 425 1470 diuturnitas
457 1424 586 1469 ducat
608 1440 618 1468 ε
639 1422 711 1468 sed
735 1437 821 1485 ego
847 1438 1032 1480 vereor,
1055 1440 1109 1470 ne
1135 1426 1411 1475 consuetudo
1429 1465 1444 1487 ‚

162 1514 273 1561 quae
287 1498 416 1544 rebus
429 1495 554 1542 affert
571 1493 875 1550 constantiam,
895 1494 982 1540 hoc
1002 1494 1159 1542 vitium
1173 1497 1217 1543 in
1234 1515 1304 1545 me
1318 1500 1444 1549 altius

160 1571 276 1636 figat.
294 1572 408 1618 Tam
428 1571 674 1626 bonorum,
687 1585 820 1631 quam
843 1569 1059 1616 malorum
1072 1606 1087 1627 ‚
1104 1570 1236 1636 longa
1254 1591 1444 1623 conver-

161 1645 271 1692 satio
292 1655 490 1691 amorem
508 1643 660 1690 induit.
685 1643 805 1689 Haec
825 1642 960 1689 animi
976 1643 1088 1691 inter
1109 1658 1342 1711 utrumque
1363 1652 1445 1697 du-

162 1717 254 1773 bii,
279 1734 358 1763 nec
387 1717 440 1762 ad
459 1716 573 1761 reela
599 1714 796 1771 fortiter,
825 1731 905 1760 nec
940 1716 995 1762 ad
1024 1733 1159 1778 prava
1189 1723 1412 1783 vergentis
1430 1761 1445 1782 ‚

159 1788 389 1836 infirmitas
405 1788 540 1852 qualis
557 1786 624 1845 fit,
643 1803 734 1833 non
754 1799 841 1833 tam
862 1786 991 1834 semel
1007 1788 1086 1835 tibi
1103 1789 1291 1851 poffum,
1309 1810 1444 1856 quam

159 1880 239 1928 per
271 1875 412 1926 partes
444 1861 686 1908 ostendere.
730 1861 891 1907 Dicam
921 1878 1032 1924 quae
1064 1863 1265 1911 accidant
1302 1868 1444 1918 mihi:

160 1948 209 1983 tu
230 1937 391 1982 morbo
417 1952 582 1982 nomen
601 1934 820 1983 invenies.
847 1937 988 1983 Tenet
1012 1953 1082 1983 me
1105 1937 1298 1989 summus
1318 1960 1445 1993 amor

162 2007 477 2071 parcimoniae,
497 2006 649 2052 fateor.
671 2006 812 2068 placet
835 2023 926 2053 non
953 2007 998 2053 in
1023 2009 1310 2059 ambitionem
1331 2017 1445 2064 cubi-

163 2082 204 2128 le
236 2080 559 2144 compofimm,
589 2097 682 2127 non
711 2097 764 2126 ex
793 2082 936 2128 arcula
967 2083 1135 2144 prolata
1165 2086 1319 2145 vestis,
1352 2108 1447 2140 non

164 2154 282 2201 mille
311 2153 586 2217 ponderibus
617 2165 690 2200 aut
716 2154 947 2201 tormentis
982 2155 1208 2217 splendere
1238 2163 1445 2223 cogenti-

164 2228 246 2276 bus
278 2227 450 2290 pressa:
483 2226 556 2272 sed
592 2226 829 2273 domestica
851 2262 863 2285 ,
893 2242 936 2274 et
967 2228 1095 2285 vilis;
1130 2248 1212 2278 nec
1246 2233 1446 2296 servata,

164 2317 245 2348 nec
271 2299 477 2346 sumenda
501 2299 695 2346 sollicite.
744 2302 887 2347 Placet
913 2300 1035 2348 cibus
1051 2339 1064 2358 ,
1095 2320 1226 2367 quem
1254 2322 1335 2355 nec
1362 2326 1445 2371 pa-

162 2386 262 2420 rent
279 2373 494 2429 familiae,
515 2391 596 2422 nec
618 2373 811 2438 speeiem
835 2392 954 2422 :non
981 2388 1077 2423 ante
1105 2379 1268 2427 multos
1297 2381 1444 2446 impe·

162 2460 278 2496 ratus
306 2447 419 2509 dies,
440 2464 521 2497 nec
548 2449 791 2496 multorum
817 2449 1022 2499 manibus
1050 2451 1344 2518 ministratus,
1373 2456 1446 2509 sed

1100 2520 1219 2580 <22
