1741 2919
288 180 742 228 CONSOLATIO
779 184 873 230 AD
908 183 1247 231 MARCIAM
1318 200 1403 231 211·

128 286 310 333 materia
336 285 588 334 commissus
606 322 618 343 ,
645 285 860 349 fumoque
882 286 1125 345 demersus,
1149 304 1203 334 ex
1229 288 1413 335 sordido

128 357 261 406 lucet.
282 359 434 406 eadem
461 358 577 406 enim
600 359 764 405 detinet
789 360 938 417 causa,
971 377 1083 423 quae
1116 363 1300 424 maligne
1328 363 1415 409 alita

132 431 190 479 fic
204 432 372 497 ingenia
387 450 478 496 quo
499 432 748 489 illustriora,
763 448 819 478 eo
841 432 1049 480 breviora
1070 435 1179 480 sunt.
1208 438 1316 481 Nam
1337 434 1413 480 ubi

131 505 405 554 incremento
424 506 550 552 locus
569 522 660 552 non
677 505 738 552 est
753 542 766 562 ,
788 506 962 553 vicinus
981 507 1159 554 occasus
1176 507 1248 555 est.
1268 509 1416 555 Fabia-

134 594 215 624 nus
241 578 327 637 ait,
358 579 481 642 quod
505 578 640 625 nostri
671 596 848 643 quoque
878 593 1076 642 parentes
1104 582 1280 639 videre,
1311 600 1418 644 pue-⁴

135 666 233 696 rum
252 651 422 697 Romae
443 650 566 697 fuiffe
583 685 596 708 ‚
614 650 770 697 statura
790 653 978 715 ingentis
999 652 1084 699 viri
1111 669 1121 698 t
1154 653 1225 698 sed
1241 654 1310 700 hic
1329 655 1419 700 cito

136 722 337 780 deceffit3
365 736 407 770 et
428 724 691 771 moriturum
714 725 836 771 brevi
868 742 999 771 nemo
1022 743 1112 772 non
1133 726 1325 788 prudens
1355 727 1421 773 di-

135 796 213 842 xit.
244 811 336 842 non
365 807 541 858 poterat
571 795 689 842 enim
721 797 774 843 ad
801 797 915 843 illam
947 809 1127 844 aetatem
1159 798 1423 860 pervenire,

137 886 267 934 quam
290 881 584 933 praeceperat,
614 872 673 916 Ita
693 869 753 917 est
773 871 983 918 indicium
1006 871 1272 919 imminentis
1298 873 1422 919 exitii

137 942 362 990 maturitas
382 978 395 1001 ‚
418 957 461 990 et
481 942 647 1006 appetit
668 942 765 990 finis
780 979 792 1001 ‚
824 943 900 989 ubi
926 943 1196 991 incrementa
1217 943 1425 990 consum-

137 1027 180 1062 ta
205 1016 313 1063 sunt.

205 1089 378 1135 XXIV.
412 1086 558 1149 Incipe
589 1084 825 1134 virtutibus
855 1084 1006 1143 illum,
1028 1102 1119 1132 non
1145 1086 1270 1133 annis
1298 1085 1424 1133 aesti-

142 1178 292 1209 mare:
323 1159 420 1207 satis
444 1160 519 1206 diu
545 1158 670 1207 vixit.
698 1159 884 1221 pupillus
914 1158 1111 1215 rebilus,
1129 1159 1205 1205 sub
1230 1171 1425 1205 tutorum

143 1251 250 1281 cura
283 1232 416 1295 usque
438 1233 492 1278 ad
519 1233 738 1279 decimum
764 1244 966 1294 quartum
992 1248 1154 1278 annum
1192 1231 1276 1278 fuit
1306 1249 1316 1278 ε
1350 1233 1427 1278 sub

143 1307 293 1354 matris
313 1306 446 1354 tutela
473 1306 656 1368 semper.
678 1322 777 1351 cum
804 1305 982 1351 haberet
1009 1302 1110 1350 suos
1136 1316 1339 1366 penates,
1360 1321 1429 1350 re-

143 1380 340 1443 linquere
363 1392 466 1424 tuos
495 1379 648 1424 noluit.
674 1377 939 1424 Adolescens
966 1377 1151 1434 statura,
1179 1376 1428 1439 pulchritue

146 1452 274 1510 dine,
296 1462 447 1498 cetero
476 1451 678 1513 corporis
703 1451 868 1497 robore
891 1451 1036 1497 castris
1054 1463 1177 1496 natus
1194 1487 1205 1507 ‚
1228 1451 1429 1497 militiam

146 1523 384 1579 recusavit,
403 1541 456 1570 ne
470 1541 494 1568 a
508 1535 550 1571 te
565 1523 814 1570 discederet.
833 1525 1081 1586 Computa,
1096 1522 1261 1570 Marcia
1273 1558 1285 1581 ,
1298 1539 1432 1585 quam

149 1616 251 1646 raro
270 1599 433 1646 liberos
452 1598 631 1645 videant
644 1633 658 1655 ‚
683 1614 793 1661 quae
811 1598 855 1643 in
876 1596 1055 1644 diversis
1085 1596 1292 1644 domibus
1309 1597 1434 1644 habi*

151 1685 271 1719 tant:
293 1671 462 1735 cogita,
482 1682 549 1717 tot
579 1670 676 1716 illos
702 1670 842 1732 perire
863 1685 1001 1717 annos
1028 1669 1259 1727 matribus,
1290 1686 1333 1716 et
1359 1684 1436 1731 per

149 1745 469 1793 solicitudinem
499 1744 613 1807 exigi
633 1780 646 1801 ,
666 1744 823 1807 quibus
842 1742 956 1790 filios
975 1744 1019 1789 in
1036 1742 1229 1790 exercitu
1248 1742 1435 1789 habent:

152 1819 259 1867 scies
279 1818 465 1864 multum
487 1817 669 1880 patuisse
691 1818 778 1864 hoc
800 1829 973 1880 tempus
988 1853 1001 1873 ‚
1022 1833 1077 1863 ex
1097 1833 1190 1879 quo
1210 1816 1315 1861 nihil
1339 1831 1438 1878 per*

155 1892 313 1940 didisti.
343 1892 581 1955 Nunquam
602 1908 625 1936 a
646 1890 881 1951 conspe&u
902 1903 982 1936 tuo
1001 1888 1168 1936 receffit
1188 1906 1199 1935 2
1232 1888 1309 1935 sub
1330 1905 1440 1935 ocu³

156 1966 209 2013 lis
227 1966 311 2013 tuis
329 1965 464 2011 studia
482 1963 719 2021 formavit,
741 1963 992 2011 excellentis
1010 1962 1198 2026 ingenii,
1217 1975 1260 2009 et
1281 1978 1442 2025 aequa-

159 2041 245 2088 turi
265 2057 398 2088 avum
417 2075 430 2098 ‚
452 2039 527 2085 nisi
558 2039 784 2086 obstitisset
804 2039 1071 2085 verecundia
1089 2070 1102 2092 ‚
1130 2054 1245 2101 quae
1277 2038 1443 2083 multo=

160 2131 258 2161 rum
284 2113 525 2178 profectus&
537 2112 709 2159 silentio
740 2111 898 2174 preffit.
924 2111 1186 2159 Adolescens
1211 2110 1446 2157 rariffimae

161 2186 364 2246 formae,
385 2188 431 2234 in
463 2200 553 2234 tam
586 2202 740 2249 magna
771 2185 1002 2232 mulierum
1033 2184 1161 2231 turba
1191 2184 1314 2231 viros
1347 2199 1449 2230 cor-

163 2261 488 2322 rumpentium,
520 2260 678 2306 nullius
704 2258 793 2322 spei
825 2260 866 2305 se
898 2258 1123 2322 praebuit:
1148 2269 1190 2304 et
1221 2274 1324 2304 cum
1343 2273 1452 2320 qua=

165 2331 350 2376 tundam
372 2330 504 2393 usque
525 2331 576 2375 ad
605 2330 858 2375 tentandum
882 2327 1146 2391 pervenisset
1165 2326 1425 2390 improbitas
1439 2361 1454 2383 ‚

167 2402 343 2449 erubuit
359 2437 373 2458 ‚
391 2401 510 2465 quasi
535 2401 772 2463 peccasset,
791 2402 915 2464 quod
940 2401 1173 2463 placuerat.
1193 2401 1287 2447 Hac
1305 2399 1459 2446 sansti-

166 2489 256 2524 tate
282 2491 457 2523 morum
481 2473 650 2534 effecit,
671 2488 717 2522 ut
743 2491 849 2538 puer
870 2474 1109 2521 admodum
1139 2473 1296 2535 dignus
1316 2473 1458 2520 sacer-

1136 2540 1180 2583 O
1209 2554 1232 2583 2.
