1741 2919
292 145 385 193 268
551 146 601 192 L.
650 119 946 191 ΑΝΝΑΕΙ
990 143 1347 190 SENECAE

291 252 416 314 saepe
445 249 644 298 nubentis
663 286 677 309 ‚
701 263 743 297 et
767 250 960 298 lecticam
987 249 1172 297 affectati
1189 287 1202 309 ‚
1222 251 1480 314 quibusdam
1506 250 1571 299 10³

292 325 355 370 cis
388 334 431 370 et
456 322 533 385 ipfi
556 323 746 370 tulerint.
781 323 936 370 deinde
967 324 1152 369 domum
1180 342 1280 370 cum
1309 324 1573 386 supervacua

291 397 520 443 redeuntes
537 397 780 444 lassitudine
795 430 809 453 ,
831 399 975 444 iurant
1004 397 1180 444 nescisse
1201 397 1240 443 se
1265 397 1406 460 ipsos,
1437 415 1572 461 quare

291 470 478 517 exierint
492 503 506 525 ‚
526 471 596 517 ubi
618 470 777 517 fuerint
793 506 808 528 ‚
834 470 1011 533 postero
1031 471 1101 517 die
1121 471 1302 516 erraturi
1322 487 1400 533 per
1418 471 1571 517 eadem

292 543 363 590 illa
391 544 584 608 vestigia.
618 545 779 590 Omnis
811 545 957 606 itaque
988 543 1114 590 labor
1149 544 1297 607 aliquo
1329 543 1573 602 referatur,

293 617 440 679 aliquo
461 617 672 680 respiciat.
692 619 799 664 Non
817 617 1023 664 industria
1037 650 1051 673 ‚
1076 618 1297 682 inquietos
1316 631 1358 664 et
1379 618 1573 676 insanos,

292 688 417 736 falsae
435 706 580 736 rerum
603 690 812 753 imagines
831 689 1003 754 agitant.
1019 707 1118 737 nam
1138 706 1190 736 ne
1208 690 1267 736 illi
1286 689 1463 752 quidem
1485 688 1572 735 sine

292 764 435 826 aliqua
463 765 536 827 spe
562 776 823 821 moventur,
853 764 1036 827 proritat
1062 761 1159 810 illos
1187 763 1362 812 alicuius
1391 764 1452 810 rei
1478 763 1573 824 spe-

295 836 408 893 cies,
428 837 552 883 cuius
569 837 807 884 vanitatem
835 852 957 899 capta
979 851 1100 882 mens
1124 852 1214 880 non
1241 835 1452 899 coarguit.
1481 837 1573 882 Eo·

295 908 394 954 dem
421 908 560 953 modo
578 925 937 970 unumquemque
958 923 1012 952 ex
1030 907 1094 953 his
1111 943 1125 963 ,
1151 907 1226 970 qui
1256 906 1308 952 ad
1329 906 1572 969 augendam

294 982 468 1027 turbam
490 992 670 1037 exeunt,
690 982 837 1027 inanes
860 991 902 1027 et
919 981 1036 1028 leves
1052 982 1200 1027 causae
1218 996 1294 1043 per
1313 979 1466 1026 urbem
1486 977 1574 1026 cir-

294 1053 591 1111 cumducunt,
621 1054 817 1116 nihilque
842 1053 1072 1100 habentem
1093 1053 1135 1099 in
1161 1070 1252 1115 quo
1276 1052 1470 1110 laboret,
1498 1051 1576 1098 lux

296 1144 395 1175 orta
416 1130 616 1193 expellit:
640 1143 801 1177 etcum
827 1129 1070 1175 multorum
1101 1127 1258 1174 frustra
1277 1126 1499 1173 liminibus
1518 1126 1574 1171 il·-

294 1202 395 1250 lisus
424 1205 777 1267 nomenclatores
808 1202 1114 1266 persalutavi13
1137 1218 1160 1247 a
1187 1201 1329 1248 multis
1350 1198 1573 1257 exclusus,

296 1277 518 1326 neminem
535 1296 587 1325 ex
605 1278 812 1325 omnibus
830 1276 1048 1323 difficilius
1067 1275 1215 1333 domi,
1233 1291 1361 1339 quam
1381 1273 1421 1321 se
1434 1309 1447 1331 ‚
1465 1289 1574 1320 con-

294 1352 430 1400 venit.
463 1354 527 1398 Ex
554 1352 640 1398 hoc
666 1350 783 1397 malo
802 1350 1017 1413 dependet
1046 1349 1149 1395 illud
1178 1347 1473 1394 taeterrimum
1504 1345 1575 1392 vi-

296 1425 430 1482 tium,
455 1423 739 1480 auscultatio,
759 1438 801 1470 et
825 1422 1106 1486 publicorum
1128 1421 1485 1482 secretorumque
1504 1418 1575 1464 in-

296 1498 473 1562 quisitio
490 1530 504 1553 ‚
526 1510 568 1545 et
587 1497 820 1544 multarum
844 1513 987 1542 rerum
1012 1494 1186 1541 scientia
1206 1529 1219 1551 ‚
1250 1509 1361 1556 quae
1380 1508 1460 1538 nec
1477 1501 1576 1537 tuto

295 1587 555 1631 narrantur,
586 1589 668 1619 nec
698 1585 794 1618 tuto
829 1570 1076 1620 audiuntur.
1108 1570 1209 1615 Hoc
1242 1567 1433 1614 secutum
1467 1575 1576 1628 puto

297 1646 609 1694 Democritum
630 1681 644 1703 ,
675 1645 733 1691 ita
754 1643 945 1706 coepiss'e
966 1661 976 1689 :
1003 1640 1094 1703 Qui
1113 1637 1345 1703 tranquille
1366 1636 1489 1684 volet
1507 1635 1576 1682 vi·

298 1738 427 1779 vere,
449 1738 529 1767 nec
550 1719 755 1782 privatim
783 1729 879 1782 agat
907 1717 1066 1772 multa,
1097 1731 1178 1761 nec
1206 1711 1381 1775 publice
1402 1728 1412 1756 ε
1433 1709 1488 1756 ad
1511 1707 1576 1756 su-

298 1810 515 1859 pervacua
539 1792 700 1840 scilicet
716 1790 994 1838 referentem.
1017 1788 1131 1835 Nam
1153 1785 1183 1832 fi
1204 1782 1436 1832 necessaria
1451 1781 1574 1862 sunt,

300 1884 342 1916 et
359 1869 598 1932 privatim,
624 1880 668 1915 et
695 1867 896 1929 publice,
924 1881 1013 1911 non
1037 1877 1203 1910 tantum
1233 1858 1393 1913 multa,
1419 1855 1493 1935 sed
1511 1871 1577 1899 m-

298 1941 578 1988 numerabilia
604 1941 770 2005 agenda
803 1939 898 1985 sunt
919 1956 928 1984 :
950 1935 1026 1983 ubi
1052 1950 1163 1984 vero
1192 1932 1357 1979 nullum
1376 1927 1575 1976 officium

299 2015 492 2064 solemne
519 2032 601 2062 nos
627 2015 755 2072 citat,
781 2011 1041 2060 inhibendae
1067 2008 1259 2056 aetiones
1286 2004 1395 2052 sunt.

362 2090 482 2136 X111.
503 2089 619 2135 Nam
650 2087 726 2151 qui
750 2086 885 2132 multa
915 2084 1037 2146 agit,
1065 2081 1188 2143 saepe
1215 2079 1416 2125 fortunae
1445 2087 1575 2153 pote-

300 2161 448 2209 statem
475 2162 538 2209 sui
554 2160 684 2207 facit:
713 2174 844 2221 quam
861 2155 1117 2203 tutissimum
1147 2151 1207 2198 est
1234 2166 1337 2196 raro
1357 2162 1575 2209 experiri,

300 2248 492 2283 ceterum
512 2234 684 2296 semper
703 2232 758 2279 de
778 2231 848 2277 illa
876 2228 1070 2292 cogitare
1088 2258 1103 2282 ,
1130 2236 1173 2271 et
1192 2222 1268 2269 sibi
1292 2220 1399 2268 nihil
1417 2220 1470 2266 de
1489 2217 1577 2263 fide

299 2308 386 2355 eius
414 2307 688 2372 promittere.
710 2304 945 2367 Navigabo
962 2337 977 2359 ,
1004 2300 1080 2348 nisi
1098 2299 1129 2345 si
1151 2297 1259 2361 quid
1278 2292 1480 2371 inciderit
1500 2309 1510 2336 ε
1530 2301 1576 2370 et

299 2398 473 2446 praetor
499 2383 600 2429 fiam
618 2417 633 2440 ,
663 2380 741 2426 nisi
772 2379 802 2424 fi
832 2377 939 2442 quid
965 2371 1180 2421 obstiterit
1205 2388 1217 2417 t
1254 2379 1298 2417 et
1331 2375 1576 2428 negotiatio

300 2458 404 2506 mihi
434 2454 746 2522 respondebit,
773 2452 851 2501 nisi
876 2450 906 2498 fi
924 2448 1030 2514 quid
1053 2441 1352 2495 intervenerit.
1368 2440 1470 2489 Hoc
1488 2433 1577 2495 est,
