1741 2919
298 203 833 253 CONSOLATIO
877 199 982 250 AD
1011 201 1239 250 HELv.
1336 207 1436 265 '139

138 311 391 376 pationibus
416 313 626 361 abduflus
650 311 734 371 est,
753 312 961 378 resurgit,
986 325 1030 360 et
1060 311 1150 375 ipsa
1178 310 1324 376 quiete
1343 308 1434 355 im-

136 397 291 449 petum
312 386 368 434 ad
385 386 666 434 saeviendum
685 385 875 449 colligit:
891 400 933 433 at
947 386 1144 450 quisquis
1159 383 1322 431 rationi
1340 380 1434 429 ces-

138 458 219 516 fit,
239 459 284 505 in
308 472 569 523 perpetuum
594 459 898 522 componitur.
928 460 1037 506 Non
1060 459 1153 506 sum
1182 459 1328 520 itaque
1351 452 1434 502 tibi

139 531 459 580 monstraturus
485 532 585 591 illa,
614 532 775 595 quibus
805 533 908 579 usos
930 533 1095 580 multos
1122 530 1207 578 effe
1234 529 1326 577 scio
1343 561 1358 584 ,
1385 537 1434 573 ut

75 606 79 608 ’
138 604 491 668 peregrinatione
510 617 555 652 te
573 605 645 653 vel
666 604 796 668 longa
814 604 1011 651 detineas
1024 640 1038 664 ‚
1057 604 1131 651 vel
1154 618 1342 649 amoena
1361 601 1436 646 de·

138 675 296 732 lec'te53
316 690 365 722 ut
384 677 603 723 rationum
632 677 989 740 accipiendarum
1019 675 1272 740 diligentia,
1298 672 1436 736 patri-

139 749 282 795 monii
301 750 678 799 administratione
694 751 883 799 multum
904 767 1098 813 occupes
1120 748 1362 812 tempori33
1387 755 1437 791 ut

138 820 309 882 semper
328 839 455 869 novo
479 839 523 869 te
546 823 697 886 aliquo
717 824 904 887 negotio
923 822 1122 885 implices
1146 839 1157 868 :
1178 820 1330 867 omnia
1353 819 1436 866 ista

138 896 196 942 ad
215 897 423 961 exiguum
447 911 723 947 momentum
744 900 925 962 prosunt
942 930 957 954 ‚
985 915 1066 945 nec
1087 896 1282 944 remedia
1304 895 1435 942 dolo-

138 970 220 1027 ris,
240 971 313 1018 sed
325 972 641 1035 impedimenta
659 973 754 1020 sunt
771 994 778 1018 :
799 990 883 1037 ego
899 984 1046 1020 autem
1061 971 1178 1018 malo
1194 970 1314 1017 illum
1329 968 1438 1016 defi-

139 1058 266 1102 nere,
284 1061 417 1108 quam
434 1044 581 1106 dicipi,
606 1048 752 1109 ltaque
771 1045 848 1092 illo
870 1061 913 1093 te
931 1046 1048 1093 duco
1062 1081 1075 1102 ‚
1104 1061 1198 1108 quo
1224 1043 1437 1090 omnibus

141 1115 216 1177 qui
235 1114 462 1162 fortunam
481 1115 680 1179 fugiunt,
701 1116 1052 1180 confugiendum
1074 1116 1151 1174 est,
1170 1116 1224 1163 ad
1244 1113 1439 1162 liberalia

139 1186 292 1235 studia.
308 1190 379 1235 illa
394 1189 605 1236 sanabunt
616 1190 776 1236 vulnus
789 1205 932 1248 tuum,
944 1190 1011 1237 illa
1027 1206 1208 1236 omnem
1223 1188 1445 1236 tristitiam

140 1260 221 1307 tibi
239 1261 444 1307 evellent.
478 1263 558 1307 His
585 1261 660 1306 etsi
681 1277 907 1323 nunquam
928 1261 1126 1309 affueffes
1142 1297 1156 1320 ‚
1177 1278 1294 1308 nunc
1315 1273 1440 1308 uten-

142 1333 248 1379 dum
268 1345 362 1380 erat
387 1351 396 1377 :
421 1333 492 1379 sed
514 1349 727 1396 quantum
755 1334 834 1380 tibi
863 1334 998 1398 patris
1024 1334 1113 1381 mei
1143 1333 1348 1397 antiquus
1373 1333 1441 1380 ri-

141 1422 227 1470 gor
252 1406 471 1469 permisit,
495 1423 652 1454 omnes
676 1406 817 1454 bonas
846 1424 958 1456 artes
986 1424 1078 1455 non
1101 1406 1284 1472 quidem
1313 1422 1443 1453 com-

141 1478 412 1541 prehendisti
431 1515 446 1537 ,
477 1478 654 1543 attigisti
686 1493 850 1527 tamen.
880 1481 1063 1528 Utinam
1098 1479 1279 1544 quidem
1309 1478 1439 1527 viro-

143 1568 244 1600 rum
273 1553 498 1615 optimus,
523 1565 648 1617 pater
670 1570 823 1613 meus,
856 1555 989 1602 nimis
1011 1555 1232 1602 maiorum
1258 1553 1444 1601 consue-

143 1628 285 1674 tudini
305 1628 475 1677 deditus
489 1665 504 1686 ‚
523 1628 729 1677 voluifl'et
752 1644 796 1676 te
817 1629 1061 1694 sapientum
1077 1628 1322 1694 praeceptis
1337 1644 1441 1674 eru-

143 1701 229 1748 diri
265 1703 413 1765 potius
432 1739 446 1761 ‚
471 1720 604 1767 quam
636 1703 776 1751 imbui
798 1703 809 1751 l
832 1722 924 1753 non
948 1705 1192 1770 parandum
1215 1703 1297 1751 tibi
1323 1719 1442 1749 nunc

146 1786 305 1822 contra
329 1774 555 1823 fortunam
585 1775 689 1823 esset
721 1776 966 1837 auxilium,
991 1778 1066 1826 sed
1102 1775 1444 1839 proferendum.

146 1849 334 1911 Propter
360 1847 458 1896 istas
488 1866 601 1913 quae
636 1848 773 1897 literis
803 1867 897 1897 non
926 1849 981 1897 ad
1014 1849 1271 1913 sapientiam
1307 1860 1444 1897 utu-n-

144 1931 237 1978 tur,
268 1919 342 1967 sed
375 1921 431 1968 ad
455 1920 675 1969 luxuriam
700 1921 1006 1982 instruuntur,
1033 1921 1178 1969 minus
1208 1920 1270 1970 est
1295 1921 1444 1969 indul-

146 2009 252 2058 gere
278 1991 427 2042 studiis
458 1993 617 2058 passus.
646 1993 869 2042 beneficio
899 2006 1047 2043 tamen
1076 1995 1244 2060 rapacis
1277 1996 1445 2060 ingenii

147 2069 248 2134 plus
280 2085 414 2133 quam
448 2085 533 2134 pro
564 2084 768 2132 tempore
800 2069 973 2116 haufisti
1005 2088 1016 2116 ε
1048 2069 1154 2117 iacta
1192 2069 1289 2118 sunt
1316 2070 1447 2118 disci-

147 2142 367 2206 plinarum
388 2141 593 2188 omnium
620 2141 920 2191 fundamenta.
944 2143 1077 2190 Nunc
1097 2144 1152 2190 ad
1170 2142 1263 2189 illas
1291 2159 1446 2191 rever-

150 2229 245 2263 tere
265 2225 430 2262 :tutam
462 2229 506 2262 te
532 2214 825 2278 praestabunt.
855 2216 956 2265 illae
985 2214 1360 2271 consolabuntur,
1389 2214 1446 2261 il-

148 2289 216 2336 lae
235 2289 539 2347 delectabunt,
564 2290 661 2337 illae
690 2289 721 2336 fi
742 2289 861 2337 bona
886 2288 973 2336 fide
1000 2288 1198 2335 animum
1224 2302 1350 2335 tuum
1369 2287 1442 2335 in-

149 2374 405 2417 traverunt,
433 2377 657 2424 nunquam
689 2361 877 2424 amplius
909 2359 1087 2407 intrabit
1122 2358 1257 2406 dolor
1276 2396 1293 2418 ‚
1328 2377 1444 2407 nun-

151 2446 288 2497 quam
314 2432 550 2481 solicitudo
566 2470 580 2492 ,
607 2451 832 2498 nunquam
856 2432 1105 2480 afflictionis
1130 2432 1277 2482 irritae
1300 2433 1446 2497 super-

150 2523 294 2556 vacua
321 2508 538 2558 vexatio:
564 2508 672 2556 nulli
702 2508 865 2557 horum
892 2508 1061 2573 patebit
1095 2510 1245 2574 pestus
1282 2519 1408 2559 tuum
1432 2527 1445 2556 :
