1741 2919
675 62 690 91 x

293 116 385 165 280
555 119 932 169 LANNAEI
985 125 1338 174 SENECAE

346 227 423 265 eius
439 226 594 279 infringo
609 228 748 280 :scelus
763 241 801 268 tu
810 229 932 282 facis,
956 245 1017 284 ego
1038 246 1108 270 non
1123 232 1255 286 patior.
1283 235 1455 285 Quartum
1478 249 1582 288 argu-

347 300 517 336 mentum,
543 289 676 327 iniuria
701 305 775 328 cum
799 292 976 342 Iniustitia
997 294 1110 331 mixta
1129 295 1173 347 est
1194 310 1204 334 .-
1226 310 1296 334 non
1324 297 1406 335 haec
1429 298 1523 335 cadit
1546 298 1583 335 in

347 353 545 405 Sapientem
557 369 568 391 .·
584 353 721 391 minime
742 369 820 407 ergo
836 355 915 395 illa.
934 357 1130 407 Quintum,
1143 358 1304 411 Sapienti
1317 374 1411 398 nemo
1427 361 1564 413 prodest
1577 377 1586 398 .-

348 426 428 464 ergo
447 427 507 451 nec
531 413 651 453 laedit.
677 415 845 462 Sextum,
871 416 1009 455 Iniuria
1027 434 1050 456 a
1068 419 1136 470 Spe
1153 431 1214 456 aut
1233 431 1322 457 metu
1346 421 1415 472 est.-
1438 421 1589 473 Sapiens

350 485 470 511 neutro
492 489 604 513 eorum
628 477 795 528 tangitur.
821 479 1009 530 Septimum
1032 480 1254 532 ultimumque
1268 511 1281 527 ‚
1305 482 1477 520 Iniuriam
1493 497 1598 521 nemo«

351 532 512 571 immotus
535 535 663 588 accipit
688 551 698 574 .·
724 549 794 574 non
823 550 978 576 movetur
1007 540 1168 593 Sapiens.
1189 541 1313 593 Atque
1335 542 1390 579 hic
1421 543 1589 594 conclusio

345 594 480 663 prioris
490 596 630 647 partis,
644 595 680 633 δ’
694 597 894 636 adhortatio
914 601 964 637 ad
975 602 1099 654 dogma
1111 602 1242 639 animis
1256 602 1504 654 accipiendum.
1518 604 1590 642 Al-

353 667 427 692 tera
448 668 519 694 erat
545 658 586 695 de
616 659 856 706 Contumelia,
878 675 980 712 quam
999 663 1153 715 explicat
1179 664 1265 716 Cap.
1291 677 1324 701 X
1350 665 1437 716 quid
1450 666 1589 717 proprie

345 721 395 772 fit
407 736 424 768 ,-
440 719 474 757 6¹
488 732 559 759 turn
583 738 605 760 a
621 723 786 776 Sapiente
805 737 908 764 arcet.
924 725 1066 774 Primo,
1091 727 1181 777 quia
1191 728 1343 779 Sapiens
1365 728 1586 780 magnitudi-

355 797 431 822 nem
449 786 552 838 fisam
576 786 703 826 novit:
726 802 796 826 non
819 803 896 841 ergo
918 789 1127 826 contumelia
1151 790 1287 827 adeum
1304 792 1455 843 pertinet
1468 807 1480 839 3
1506 806 1592 843 quae

358 861 479 884 nomen
503 846 537 884 δ’
548 862 615 886 rem
629 850 728 887 habet
744 865 765 887 a
781 861 963 888 contemtu.
987 851 1145 888 Secundo
1158 881 1172 897 ,
1193 852 1338 903 Superbi
1355 851 1389 888 δ’
1405 852 1592 904 infhlentes

359 908 515 959 inferunt
534 912 774 950 contumeliam
791 928 801 951 .·
819 913 890 965 ipse
911 911 1000 950 tales
1011 913 1146 964 spernit
1160 928 1170 950 .·
1184 912 1299 964 itaque
1319 911 1353 948 6³
1366 912 1409 949 ab
1425 912 1472 949 iis
1485 913 1593 965 istam.

362 971 476 1009 Tertio
490 1002 501 1020 ‚
525 975 638 1012 Nemo
656 975 817 1012 maiorem
839 975 1074 1027 melioremque
1090 976 1275 1013 contemnit
1291 990 1300 1015 :
1321 975 1354 1011 is
1369 976 1413 1027 est
1428 977 1588 1028 Sapiens.

362 1033 462 1085 Ergo
486 1035 523 1072 in
535 1037 576 1088 fi
598 1036 687 1074 die'la
705 1037 813 1082 ridet,
838 1048 876 1074 ut
899 1037 936 1074 in
960 1036 1138 1075 conviviis
1164 1036 1298 1075 ioculos
1316 1050 1509 1089 puerorum.
1527 1037 1598 1074 Sed

363 1095 451 1147 quid
460 1095 561 1147 ffert
578 1098 688 1150 igitur
711 1098 795 1136 lzaec
820 1112 938 1135 omnia
957 1098 1140 1151 Sapiens?
1164 1112 1233 1135 non
1257 1099 1399 1150 castigat
1420 1110 1482 1136 aut
1503 1112 1594 1136 com-

361 1159 506 1211 pescit?
522 1161 622 1199 immo
629 1161 727 1213 fizcit
746 1162 912 1199 interdum
927 1162 1039 1212 :ficut
1058 1161 1142 1198 illos
1164 1161 1259 1213 ipsos
1278 1175 1404 1214 pueros
1419 1152 1572 1214 solemus
1588 1173 1598 1194 -·

366 1236 438 1259 non
460 1223 543 1273 quia
555 1224 682 1261 malum
702 1224 762 1261 ille
777 1236 950 1277 acceperat
962 1255 972 1272 ‚
982 1225 1050 1276 scd
1062 1224 1144 1277 quia
1157 1223 1369 1275 liifecerztnt.
1384 1225 1502 1276 Atque
1515 1225 1597 1262 ltac-

365 1294 468 1321 tenus
485 1283 561 1336 (ad
591 1287 677 1338 Cap.
703 1285 810 1339 XIV)
832 1286 868 1323 in
882 1287 997 1341 fidam
1024 1286 1299 1332 Contumeliam,
1323 1299 1384 1324 aut
1404 1287 1597 1326 Iniuriam:

368 1346 439 1383 iam
455 1347 591 1385 mixtim
605 1361 781 1401 utramque
804 1349 944 1401 refluat.
970 1347 1054 1388 Hoc
1068 1362 1291 1402 argumento,
1317 1351 1494 1388 Securitas
1510 1365 1599 1403 pro-

336 1418 339 1419 ’
367 1411 450 1464 pria
471 1412 514 1463 est
529 1413 733 1465 Sapientis:
752 1427 821 1451 non
837 1414 880 1465 esi
891 1444 901 1461 ‚
911 1415 950 1464 fi
958 1413 1157 1451 alterutram
1168 1412 1311 1464 accipit,
1324 1424 1386 1450 aut
1392 1413 1501 1465 potest
1511 1414 1585 1451 acci
1589 1437 1602 1442 -

366 1486 459 1526 pere.
480 1473 601 1512 Simile
616 1473 651 1512 6’
663 1475 831 1528 Epicurei
843 1475 985 1515 dicunt:
1008 1476 1070 1527 etsi
1081 1476 1196 1513 minus
1201 1474 1355 1527 fortiter.
1373 1475 1536 1527 Denique
1551 1475 1599 1512 le-

371 1534 435 1572 via
455 1535 617 1588 pleraque
629 1568 642 1584 ,
672 1537 797 1589 quibus
822 1538 951 1591 vulgus
976 1537 1161 1589 offenditur
1180 1569 1191 1587 ‚
1208 1538 1335 1591 suadet
1364 1538 1540 1586 reciicere,
1564 1538 1598 1576 δ’

373 1598 481 1636 ridere
504 1614 546 1636 ne
564 1599 722 1640 ridearis.
749 1600 949 1651 Conclufio‚
974 1601 1157 1652 Quomodo
1175 1600 1270 1638 eunti
1289 1600 1338 1638 ad
1358 1599 1600 1652 Sapientiam,

378 1664 563 1713 Quomodo
584 1663 643 1715 qui
648 1665 808 1716 pervenit
818 1695 829 1711 ‚
838 1663 1003 1714 ferendae
1017 1664 1168 1702 iniuriae
1177 1653 1201 1701 ?¹⁴
1212 1664 1274 1702 Illi
1287 1694 1298 1711 ,
1311 1678 1385 1701 cum
1405 1664 1515 1717 morsu
1526 1665 1602 1702 ali-

378 1742 445 1779 quo
460 1727 591 1773 animi,
608 1727 642 1764 δ’
653 1728 768 1766 adhuc
773 1742 898 1780 pugna
910 1744 926 1776 ‚·
948 1729 1028 1766 huic
1038 1758 1051 1774 ‚
1064 1729 1140 1778 sine
1155 1728 1320 1766 alterutro
1335 1757 1347 1775 ,
1367 1725 1402 1763 δ’
1413 1726 1519 1764 vietor
1532 1726 1602 1764 iam

379 1789 456 1841 agit
483 1801 564 1827 ante
579 1790 620 1842 se
644 1802 820 1841 utramque
835 1788 869 1826 6³
888 1789 1088 1842 triumphat.
1111 1790 1192 1841 Ego
1218 1789 1327 1835 itero,
1349 1789 1466 1842 magni
1492 1788 1603 1827 animi

370 1851 539 1904 scriptmn
559 1851 625 1903 eli.-
641 1851 741 1888 robur
757 1851 800 1889 ab
814 1865 851 1889 eo
867 1881 877 1899 ,
894 1850 932 1889 in
946 1863 1130 1906 temporum
1146 1852 1212 1891 r'zac
1227 1851 1467 1903 hominumque
1483 1851 1602 1903 quoti-

379 1913 489 1951 diana
511 1912 672 1961 malitia,
693 1912 886 1967 capiamus.

325 2127 356 2171 1.
381 2057 687 2174 TANTUM
711 2123 824 2171 inter
847 2123 1046 2180 Stoicos,
1068 2125 1247 2181 Serene,
1273 2134 1317 2172 et
1343 2137 1512 2171 ceteros
1532 2121 1597 2169 sa-

325 2199 536 2261 pientiam
564 2198 780 2262 profeffos
796 2197 994 2244 interesse
1010 2229 1024 2252 ‚
1049 2208 1258 2261 quantum
1287 2197 1398 2244 inter
1418 2195 1603 2242 feminas

326 2285 368 2319 et
387 2290 527 2319 mares
542 2309 554 2330 ‚
582 2290 671 2320 non
693 2273 920 2320 immerito
942 2272 1124 2318 dixerim
1146 2289 1156 2318 t
1179 2288 1278 2319 cum
1299 2284 1482 2336 utraque
1508 2281 1604 2317 tur·-

329 2346 383 2390 ba
408 2346 462 2390 ad
483 2345 601 2392 vitae
630 2345 881 2393 societatem
906 2340 1159 2391 tantundem
1187 2342 1410 2398 conferam
1445 2342 1517 2389 sed
1540 2342 1602 2389 al-

329 2428 421 2464 tera
446 2433 546 2480 pars
580 2418 636 2465 ad
660 2417 1019 2482 obsequendum,
1050 2416 1182 2464 altera
1205 2415 1396 2480 imperio
1422 2426 1520 2464 nata
1541 2413 1603 2462 fit,
