1741 2919
323 161 414 211 ιφ
548 143 1379 193 L.ANNAE1SENEcAe

316 268 372 298 ex
398 251 475 296 illo
499 252 751 312 voluptates
780 250 959 313 cepisti:
989 267 1043 296 an
1070 250 1195 313 quod
1214 250 1404 298 maiores
1421 284 1435 310 ‚
1457 249 1486 297 fi
1507 247 1605 298 diu·

317 324 402 370 tius
434 323 635 380 vixiss'et,
657 324 886 386 pereipere
916 325 1123 387 potuisti?
1158 324 1358 371 Si-nullas
1376 340 1419 371 te
1446 343 1604 388 perce-

319 396 427 459 piffe
447 396 636 452 dixeris3
656 397 924 444 tolerabilius
943 398 1105 444 efficies
1126 398 1439 445 detrimentum
1463 412 1605 445 tuum.

317 469 464 516 minus
488 469 605 515 enim
631 469 834 516 homines
863 471 1104 517 desiderant
1132 488 1179 517 ea
1195 507 1208 528 ‚
1236 488 1292 518 ex
1316 472 1473 534 quibus
1497 471 1607 517 nihil

317 541 465 604 gaudii
501 541 775 605 laetitiaeque
812 558 1114 605 perceperunt.
1162 544 1205 590 Si
1242 543 1433 590 confessa
1470 542 1606 591 fueris

317 615 560 678 percepisse
585 631 761 678 magnas
785 615 1060 677 voluptates3
1082 629 1261 679 oportet
1282 631 1326 664 te
1348 635 1439 664 non
1466 618 1519 664 de
1541 634 1600 664 eo

318 688 444 750 quod
475 687 711 733 detractum
740 686 802 732 est
827 688 977 750 queri,
1012 688 1083 735 sed
1113 689 1167 734 de
1196 705 1252 735 eo
1285 690 1443 752 gratias
1472 706 1602 750 agere

316 759 694 823 quod'collegisti.
724 760 1033 808 Provenerunt
1057 760 1176 806 enim
1203 760 1299 807 satis
1320 760 1464 824 magni
1485 761 1606 808 fruc·-

317 844 386 879 tus
415 833 618 880 laborum
640 845 818 879 tuorum
849 849 902 879 ex
930 832 1019 895 ipsa
1056 831 1348 879 educatione:
1384 833 1462 879 nifi
1487 832 1604 880 forte

316 905 387 961 hi,
417 905 491 968 qui
525 905 696 952 catulos
725 921 947 968 avesque,
975 918 1017 951 et
1048 904 1211 952 frivola
1239 905 1488 952 animorum
1517 907 1604 953 ob-

316 978 576 1025 lectamenta
592 1013 604 1036 ,
621 978 788 1024 summa
808 977 1031 1042 diligentia
1060 978 1283 1037 nutriunt,
1307 978 1511 1025 fruuntur
1528 980 1605 1026 ali-

316 1069 402 1116 qua
429 1053 660 1114 voluptate
686 1068 741 1098 ex
765 1051 865 1098 visu
896 1053 1096 1115 tactuque
1126 1064 1169 1098 et
1194 1053 1351 1099 blanda
1383 1052 1603 1099 adulatio-

317 1142 373 1172 ne
392 1141 618 1171 mutorum
639 1143 649 1171 ε
669 1125 834 1172 liberos
861 1125 1179 1182 nutrientibus,
1200 1143 1290 1173 non
1315 1126 1478 1173 fructus
1497 1126 1605 1172 edu-

317 1199 528 1257 cationis,
551 1199 641 1261 ipsa
662 1199 866 1246 educatio
893 1199 966 1245 est.
1001 1200 1122 1246 Licet
1144 1200 1290 1264 itaque
1309 1200 1387 1246 tibi
1411 1200 1518 1245 nihil
1541 1199 1605 1244 in-

318 1271 478 1318 dustria
495 1272 587 1317 eius
606 1271 862 1327 contulerit,
878 1271 987 1318 nihil
1006 1272 1227 1335 diligentia
1240 1272 1514 1329 custodierit,
1537 1271 1604 1317 ni-

315 1346 378 1393 hil
408 1346 641 1409 prudentia
662 1346 894 1409 quaesierit
915 1364 926 1392 z
948 1346 1088 1409 ipsum
1110 1348 1234 1410 quod
1253 1346 1457 1404 habuisti,
1480 1346 1604 1409 quod

317 1419 496 1475 amasti,
522 1419 687 1466 fructus
714 1419 787 1466 est.
826 1423 882 1465 At
912 1420 1056 1483 potuit
1087 1421 1264 1484 longior
1293 1420 1404 1479 esse,
1431 1436 1474 1466 et
1504 1437 1601 1465 ma-

315 1493 400 1540 ior.
432 1492 592 1540 Melius
609 1504 754 1538 tamen
771 1504 917 1538 tecum
937 1493 1076 1539 aclum
1097 1493 1158 1539 est
1177 1529 1189 1551 ‚
1209 1510 1342 1556 quam
1360 1493 1391 1538 fi
1409 1492 1599 1539 omnino

316 1584 408 1614 non
432 1566 691 1630 contigiffet.
725 1567 936 1629 quoniam
965 1567 994 1612 fi
1020 1580 1211 1629 ponatur
1233 1566 1390 1613 elec'lio
1409 1601 1422 1625 ‚
1451 1581 1599 1613 utrum

314 1640 444 1688 satius
465 1639 514 1686 fit
538 1656 629 1685 non
657 1639 732 1686 diu
758 1639 934 1686 felicem
959 1640 1071 1698 effe,
1088 1657 1143 1687 an
1174 1657 1420 1701 nunquam:
1447 1638 1599 1687 melius
1625 1688 1630 1693 ,

311 1714 402 1772 est,
431 1712 659 1759 discessura
694 1712 823 1758 nobis
861 1712 1007 1772 bona,
1041 1730 1174 1778 quam
1211 1714 1325 1760 nulla
1368 1713 1601 1777 continge-

313 1806 376 1836 re.
410 1789 630 1834 Utrumne
659 1786 806 1832 malles
835 1786 1096 1849 degenerem
1131 1787 1345 1850 aliquem,
1369 1799 1412 1833 et
1445 1803 1601 1831 nume-

313 1878 410 1908 rum
430 1870 599 1905 tantum
626 1875 879 1922 nomenque
900 1859 974 1906 filii
993 1861 1270 1921 expleturum
1295 1859 1488 1906 hahuisse
1504 1896 1517 1917 ‚
1543 1877 1598 1907 an

315 1947 459 1982 tantae
484 1933 670 1991 indolis,
695 1949 883 1997 quantae
902 1946 1002 1981 tuus
1030 1933 1146 1980 fuit?
1173 1933 1345 1981 Iuvenis
1373 1933 1464 1980 cito
1489 1951 1599 1996 pru·

316 2009 445 2062 dens,
475 2007 565 2053 cito
594 2007 717 2069 pius,
744 2008 834 2055 cito
861 2009 1058 2066 maritus,
1088 2008 1178 2054 cito
1207 2023 1351 2070 pater,
1381 2007 1472 2052 cito
1499 2023 1601 2052 om-

316 2084 384 2130 nis
411 2082 550 2129 officii
577 2082 796 2141 curiosus,
827 2083 917 2130 cito
942 2082 1167 2139 sacerdos,
1197 2080 1347 2126 omnia
1371 2096 1457 2128 tam
1486 2097 1598 2143 pro-

316 2172 434 2218 pera.
483 2155 606 2201 Nulli
637 2154 727 2202 fere
756 2170 800 2202 et
825 2171 983 2218 magna
1012 2156 1154 2211 bona,
1175 2168 1220 2200 et
1253 2153 1454 2199 diuturna
1484 2171 1598 2201 con-

316 2228 506 2291 tingunt.
536 2244 627 2274 non
652 2228 807 2284 durat,
833 2244 914 2274 nec
942 2227 994 2273 ad
1020 2226 1221 2272 ultimum
1248 2225 1369 2284 exit,
1397 2225 1473 2271 niti
1500 2226 1598 2272 len-

319 2313 362 2346 ta
388 2300 585 2347 felicitas.
628 2301 784 2347 Filium
813 2300 892 2345 tibi
920 2300 981 2345 dii
999 2299 1272 2345 immortales
1303 2315 1395 2344 non
1426 2299 1501 2344 diu
1521 2299 1598 2344 da-

316 2375 426 2429 turi,
459 2373 600 2421 statim
619 2374 750 2421 talem
771 2373 1014 2429 dederunt,
1041 2371 1178 2435 qualis
1204 2371 1278 2417 diu
1306 2372 1421 2418 effici
1440 2369 1597 2434 potest.

314 2449 385 2496 Ne
405 2446 508 2495 illud
528 2447 708 2511 quidem
729 2447 875 2496 dicere
899 2459 1028 2510 potes
1042 2482 1056 2508 ,
1081 2445 1263 2496 electam
1285 2456 1326 2495 te
1344 2461 1368 2494 a
1387 2445 1468 2493 diis
1482 2480 1496 2505 ,
1523 2441 1597 2491 cui
