1741 2919
527 159 628 206 DE
680 157 812 204 IRA
864 157 998 204 ΗΒ.
1035 157 1082 215 1.
1417 171 1450 218 7

165 265 352 315 cendum
377 276 578 330 potentes
596 266 755 314 sumus·
777 264 1020 313 Aristotelis
1047 262 1191 310 finitio
1218 277 1311 310 non
1331 261 1450 310 mul·

163 353 259 390 tum
285 358 311 388 a
338 340 486 389 nostra
504 339 634 389 abest.
657 341 717 389 ait
737 341 853 389 enim
869 377 883 400 ‚
920 343 1031 387 Iram
1056 340 1141 387 effe
1167 338 1452 402 cupiditatem

166 416 335 464 doloris
363 416 623 480 reponendi.
654 416 777 477 Quid
802 416 915 463 inter
939 414 1128 462 nostram
1148 431 1190 460 et
1214 414 1327 461 hanc
1355 412 1452 460 fini-

165 488 334 536 tionem
356 486 540 547 intersit,
555 486 731 549 exsequi
750 488 934 551 longum
951 486 1026 534 est.
1046 499 1200 534 contra
1218 497 1452 549 utramque

167 561 326 609 dicitur
341 594 355 619 ‚
374 561 485 610 feras
506 562 654 620 irasci,
675 577 755 608 nec
773 559 932 607 iniuria
948 559 1161 618 irritatas,
1185 576 1267 606 nec
1286 573 1453 622 poenae

168 635 398 683 dolorisve
435 635 563 682 alieni
597 634 736 681 causa.
779 635 895 679 Nam
924 632 1087 680 etiarnsi
1113 633 1202 681 boc
1233 632 1453 692 efficiunt,

166 725 259 755 non
278 709 367 756 hoc
387 719 553 772 petunt.
579 708 662 755 Sed
684 707 915 767 dicendum
945 706 1005 754 est
1019 742 1032 764 ‚
1059 705 1172 753 feras
1188 705 1252 753 ira
1272 721 1421 753 carere
1437 739 1454 764 ³

167 794 210 830 et
229 783 380 831 omnia
401 796 572 847 praeter
590 782 830 830 hominem.
854 783 969 829 Nam
992 800 1092 829 cum
1119 780 1168 828 sit
1187 779 1366 827 inimica
1386 795 1454 825 ra⁸¹

167 855 306 914 tioni,
329 857 539 921 nusquam
558 870 702 906 tamen
726 858 938 911 nascitur.¹
960 856 1037 902 nisi
1056 855 1132 902 ubi
1152 854 1313 902 rationi
1331 853 1460 900 locus

166 930 239 977 est.
271 933 462 993 Impetus
479 932 638 979 habent
658 931 798 987 ferae,
826 931 990 979 rabiem
1006 968 1019 989 ‚
1040 930 1256 978 feritatem
1272 964 1287 987 ,
1306 928 1458 978 incur·¹

167 1003 286 1049 sum:
308 1003 417 1049 iram
437 1004 615 1066 quidem
636 1021 728 1050 non
745 1004 881 1067 magis
898 1040 911 1061 ‚
932 1021 1064 1069 quam
1088 1003 1320 1051 luxuriam.
1344 1005 1396 1047 Et
1411 1000 1460 1048 in

169 1074 376 1138 quasdam
406 1075 661 1138 voluptates
692 1076 1102 1140 intemperantiores
1135 1076 1319 1137 homine
1349 1074 1462 1123 sunt,

169 1148 277 1196 Non
304 1149 365 1197 est
390 1151 515 1214 quod
541 1151 693 1198 credas
714 1150 775 1196 illi
802 1151 878 1216 qui
898 1150 1003 1199 dicit
1025 1167 1037 1198 :

298 1254 352 1297 N
350 1270 404 1297 οη
425 1271 522 1314 aper
538 1255 661 1316 irasci
679 1255 887 1311 meminit,
905 1271 991 1298 non
1000 1255 1127 1315 fidere
1145 1254 1265 1314 carsit

304 1328 428 1374 Cerva
442 1362 456 1385 ‚
476 1346 547 1374 nec
567 1331 766 1375 armentis
787 1331 985 1375 incurrere
995 1329 1181 1389 fortibus
1201 1329 1295 1394 urst,

171 1427 300 1476 Irasci
318 1429 449 1486 dicit,
468 1429 669 1489 incitari,
688 1431 887 1495 impingi.
911 1431 1039 1478 Irasci
1062 1431 1240 1496 quidem
1261 1447 1352 1478 non
1371 1443 1460 1477 man·

170 1501 235 1566 gis
254 1503 421 1562 sciunt,
451 1522 584 1568 quam
615 1506 856 1570 ignoscere.
889 1509 1012 1553 Muta
1039 1505 1242 1553 animalia
1259 1505 1461 1552 humanis

171 1577 395 1626 affefflbus
423 1591 597 1627 carent:
617 1579 778 1626 habent
803 1594 950 1627 autem
969 1580 1127 1627 similes
1146 1579 1227 1627 illis
1247 1578 1459 1643 quosdam

171 1648 391 1713 impulsus.
408 1651 588 1715 Alioqui
604 1652 634 1698 fi
652 1669 779 1700 amor
796 1652 841 1699 in
861 1653 943 1700 illis
961 1653 1085 1709 esset,
1098 1669 1141 1701 et
1159 1653 1311 1700 odium
1327 1653 1463 1708 effet3

172 1722 205 1769 fi
225 1723 415 1771 amicitia
436 1756 450 1778 ,
479 1740 523 1772 et
542 1725 758 1779 simultas;
793 1726 823 1772 si
854 1726 1055 1774 diffenfio
1072 1763 1086 1783 ,
1118 1740 1163 1774 et
1189 1726 1465 1782 concordia?>

174 1812 368 1859 quorum
395 1797 537 1862 aliqua
556 1798 603 1845 in
623 1798 705 1846 illis
726 1816 907 1863 quoque
933 1800 1099 1847 exstant
1119 1799 1300 1863 vestigia
1319 1817 1329 1846 ε
1348 1811 1465 1846 cete-

177 1885 275 1916 rum
304 1869 599 1917 humanorum
631 1872 863 1934 pec-storum
897 1874 1078 1937 propria
1115 1872 1232 1920 bona
1261 1873 1467 1936 malaque

175 1944 286 1992 sunt.
306 1945 427 1992 Nulli
443 1945 521 1991 nisi
542 1946 711 1992 homini
730 1947 933 1995 concessa
953 1948 1236 2012 providentia
1257 1948 1343 2007 est,
1365 1949 1464 1996 dili-

174 2014 317 2084 gentia
335 2056 350 2080 ‚
388 2021 603 2086 cogitatio
629 2041 641 2069 t
670 2039 753 2070 nec
787 2038 956 2071 tantum
994 2023 1233 2071 virtutibus
1265 2023 1467 2072 humanis

175 2097 404 2155 animalia,
430 2098 504 2145 sed
535 2098 665 2145 etiam
698 2098 814 2146 vitiis
833 2098 1055 2163 prohibita
1087 2099 1197 2147 sunt.
1223 2100 1339 2146 Tota
1364 2099 1465 2146 {llo-

163 2187 278 2217 ffum
292 2182 340 2217 ut
352 2186 474 2218 extra
490 2207 504 2229 ,
521 2171 578 2219 ita
597 2172 707 2219 intra
724 2209 739 2232 ,
759 2172 906 2221 forma
925 2174 1142 2222 humanae
1161 2172 1375 2221 diffimilis
1388 2173 1467 2221 esta

175 2244 366 2306 Regium
390 2245 498 2293 illud
517 2259 560 2294 et
580 2246 819 2310 principale
844 2248 969 2296 aliter
992 2247 1155 2297 dierum
1171 2283 1184 2305 ‚
1211 2259 1262 2294 ut
1288 2263 1380 2296 vox
1404 2246 1469 2295 est

176 2316 355 2379 quidem
370 2353 384 2375 ‚
403 2318 476 2365 sed
498 2335 589 2365 non
609 2320 887 2383 explanabilis
901 2357 915 2380 ,
937 2333 980 2369 et
1001 2320 1254 2384 perturbata
1267 2356 1281 2378 ‚
1301 2333 1346 2368 et
1363 2337 1468 2372 ver*

176 2389 340 2437 borum
365 2391 565 2440 inefficax
583 2410 594 2440 :
612 2405 659 2440 ut
675 2394 819 2458 lingua
832 2431 845 2453 ‚
864 2394 935 2443 sed
954 2395 1159 2442 devin&a
1178 2411 1283 2453 ,nec
1300 2393 1345 2441 in
1366 2411 1472 2441 mo-

172 2473 243 2511 tus
262 2464 408 2514 varios
421 2464 581 2522 solut33
623 2466 681 2514 ita
700 2468 840 2533 ipsum
859 2468 1097 2533 principale
1120 2485 1273 2529 parum
1292 2466 1444 2518 subtile
1454 2479 1476 2528 9'

1107 2538 1151 2580 A
1184 2550 1214 2594 4
