1741 2919
503 159 606 206 DE
656 160 790 206 IRA
843 158 980 205 ΜΒ.
1032 159 1098 205 11.
1374 167 1432 217 35

150 283 249 314 rum
268 297 282 323 ‚
317 280 528 332 quantum
561 268 807 314 hominum.
839 270 955 315 Inter
987 267 1092 314 istos
1121 282 1234 330 quos
1264 277 1440 332 togatos

154 342 308 397 vides,
343 342 457 387 nulla
486 358 569 403 pax
587 340 676 387 est:
712 341 817 388 alter
847 343 895 388 in
925 341 1098 389 alterius
1129 341 1313 388 exitium
1346 339 1440 390 levi

155 414 424 476 compendio
451 413 635 460 ducitur.

222 491 338 535 Vlll.
367 487 491 533 Nulli
519 487 597 532 nisi
625 505 680 533 ex
714 487 887 534 alterius
914 487 1080 534 damno
1115 489 1315 552 quaestus
1347 488 1442 536 est:

154 561 330 608 felicem
369 560 562 607 oderunt
588 595 601 617 ,
643 559 863 607 infelicem
909 576 1201 608 contemnunt
1232 580 1243 607 ε
1273 564 1444 611 maiore

156 649 424 699 gravantur,
450 634 615 681 minori
637 652 794 698 graves
819 635 914 682 sunt
934 653 943 682 :
964 637 1145 683 diverfis
1171 635 1445 685 stimulantur

155 708 467 771 cupiditatibus
493 726 504 754 z
537 710 689 754 omnia
720 709 888 770 perdita
912 709 973 754 ob
995 709 1138 757 levem
1167 711 1445 774 voluptatem

156 783 452 846 praedamque
473 782 666 844 cupiunt.
698 784 804 829 Non
827 783 905 827 alia
929 800 1060 846 quam
1081 784 1126 829 in
1152 779 1447 847 ludo'gladia·

156 856 277 902 torio
304 856 392 902 vita
418 854 479 901 est
500 890 511 911 ,
543 871 641 901 cum
667 856 823 901 iisdem
852 856 1102 902 viventium
1133 859 1448 919 pugnantium-

157 947 257 993 que.
284 932 486 975 Ferarum
508 928 583 973 iste
605 942 853 974 conventus
867 928 927 974 est
947 947 957 974 ε
982 930 1060 975 nis1
1081 930 1205 993 quod
1220 929 1318 978 illae
1336 932 1449 980 inter

157 1003 201 1051 se
234 1003 432 1066 placidae
463 1003 587 1059 sunt,
620 1001 858 1064 morsuque
892 1000 1092 1048 similium
1125 1001 1340 1050 abstinent
1360 1040 1374 1062 ,
1404 1004 1450 1051 hi
1482 1013 1485 1015 ’

156 1090 309 1124 mutua
336 1076 602 1124 laceratione
628 1075 842 1122 satiantur.
866 1076 967 1122 Hoc
992 1093 1083 1122 uno
1108 1076 1162 1122 ab
1191 1076 1450 1127 animalibus

157 1149 289 1196 mutis
308 1148 515 1195 differunt
532 1165 541 1194 :
564 1147 686 1211 quod
706 1147 771 1191 illa
791 1147 1095 1194 mansuescunt
1105 1149 1319 1196 alentibus
1332 1186 1345 1207 ,
1365 1150 1450 1197 ho-

159 1241 258 1271 rum
292 1225 435 1270 rabies
464 1222 608 1286 ipsos,
635 1239 658 1267 a
693 1221 849 1285 quibus
879 1220 941 1268 est
973 1222 1157 1277 nutrita,
1192 1223 1452 1285 depascitur.

157 1302 399 1362 Nunquam
432 1297 556 1344 irasci
587 1296 752 1343 desinet
783 1296 981 1358 sapiens,
1019 1297 1048 1342 fi
1078 1296 1211 1344 semel
1238 1298 1453 1362 coeperit.

157 1375 310 1421 omnia
338 1372 572 1420 sceleribus
596 1388 646 1418 ac
670 1370 790 1418 vitiis
817 1371 945 1433 plena
968 1371 1091 1429 sunt,
1122 1370 1217 1434 plus
1239 1374 1453 1421 commit-

157 1447 266 1494 titur
285 1481 298 1502 ,
327 1463 458 1509 quam
482 1446 603 1509 quod
626 1443 756 1507 poffit
779 1445 1055 1491 coercitione
1078 1446 1230 1492 sanari.
1251 1447 1455 1494 Certatur

157 1520 323 1583 ingenti
343 1520 537 1582 quodam
559 1519 779 1582 nequitiae
801 1519 1041 1565 certamine
1059 1537 1069 1565 :
1093 1520 1236 1566 maior
1254 1520 1455 1579 quotidie

160 1592 373 1657 peccandi
400 1593 643 1654 cupiditas,
677 1592 829 1638 m'inor
862 1592 1128 1639 verecundia
1149 1592 1225 1639 est.
1256 1592 1455 1656 Expulso

160 1667 354 1713 melioris
391 1665 700 1728 aequiorisque
746 1664 971 1727 respeffii,
1008 1678 1281 1728 quocunque
1312 1665 1457 1713 visum

160 1741 222 1788 est
239 1777 254 1797 ,
282 1740 421 1786 libido
442 1740 483 1785 se
510 1738 730 1802 impingit.
755 1755 838 1785 nec
863 1738 1025 1786 furtiva
1046 1740 1131 1785 iam
1157 1739 1315 1787 scelera
1335 1740 1457 1789 sunt:

163 1827 339 1878 praeter
361 1812 522 1860 oculos
546 1826 665 1858 eunt.
691 1812 893 1875 adeoque
914 1812 959 1858 in
985 1813 1213 1876 publicum
1240 1813 1360 1859 miffa
1382 1832 1460 1861 ne·-

162 1891 299 1953 quitia
320 1889 406 1945 est,
426 1905 470 1936 et
489 1888 533 1933 in
556 1887 755 1934 omnium
781 1887 1033 1949 pecloribus
1049 1887 1242 1944 evaluit,
1261 1897 1308 1932 ut
1327 1886 1460 1932 inno-

162 1964 305 2010 centia
333 1979 423 2010 non
450 1979 544 2008 rara
561 1998 575 2020 ‚
595 1961 668 2009 sed
691 1960 805 2007 nulla
826 1959 888 2006 fit.
916 1960 1150 2024 Numquid
1167 1960 1286 2006 enim
1306 1958 1460 2024 singuli

164 2048 237 2084 aut
260 2035 390 2100 pauci
410 2052 566 2099 rupere
589 2035 730 2097 legem
749 2033 766 2080 ?
791 2032 988 2097 undique
1004 2069 1018 2092 ,
1041 2034 1164 2080 velut
1190 2034 1313 2097 signo
1333 2034 1461 2094 dato,

165 2110 220 2157 ad
247 2110 311 2158 fas
329 2108 536 2172 nefasque
561 2108 836 2154 miscendum
857 2107 1001 2154 coorti
1024 2107 1133 2154 sunt.

410 2187 511 2231 Non
537 2185 679 2245 hospes
696 2185 749 2229 ab
772 2183 926 2244 bospite
959 2199 1074 2229 tutus
1090 2218 1102 2241 ‚

237 2262 339 2306 Non
344 2261 461 2320 socer
483 2280 509 2306 a
533 2277 689 2323 genero.
711 2258 902 2318 fratrum
922 2276 1076 2319 quoque
1090 2259 1226 2319 gratia
1242 2276 1338 2304 rara
1360 2259 1422 2326 est,

230 2334 427 2379 Imminet
442 2336 572 2380 exitio
596 2335 661 2379 vir
679 2333 868 2392 coniugis
886 2366 898 2387 ‚
930 2333 1005 2375 illa
1027 2332 1190 2376 mariti.

232 2407 391 2452 Lurida
411 2409 602 2452 terribiles
622 2406 790 2465 miscent
807 2406 976 2449 aconita
997 2423 1211 2452 novercae.

228 2482 360 2527 Elius
382 2497 477 2527 ante
495 2483 600 2527 diem
615 2482 778 2542 patrios
801 2479 977 2540 inquirit
998 2480 1048 2523 in
1068 2496 1225 2524 armos.

1143 2546 1242 2590 ez
