1741 2919
271 161 359 222 148
493 163 542 208 L.
590 162 902 208 ANNAE1
952 147 1332 210 SENECAE

536 303 643 347 Ex
732 300 1085 368 (ΣΑΡΙΤΕ
1166 300 1291 347 XX.

331 430 357 456 ⁴*
373 430 436 455 '⁰‘
464 429 611 476 nostra
636 445 829 493 corpora
855 444 1107 492 compares,
1135 427 1260 474 firma
1287 427 1412 476 sunt:
1436 428 1467 475 fi
1490 446 1558 477 re-

263 503 384 569 digas
415 504 468 550 ad
496 503 806 552 conditionem
830 514 1007 550 naturae
1035 502 1183 548 omnia
1204 501 1484 562 destruentis,
1515 516 1559 551 et

262 577 380 625 unde
416 577 552 623 edidit
586 577 747 623 eodem
785 575 1064 633 revocantis,
1095 575 1259 621 caduca
1290 574 1399 623 sunt.
1430 577 1559 637 Quid

262 649 382 698 enim
412 649 665 696 immortale
702 665 856 695 manus
889 648 1096 695 mortales
1127 647 1345 695 fecerint?
1378 650 1556 712 Septem

261 724 333 771 illa
352 724 560 771 miracula
575 759 589 782 ‚
613 734 654 770 et
678 723 707 768 fi
726 739 813 785 qua
830 720 896 768 his
922 721 1062 767 multo
1082 720 1352 769 mirabiliora
1373 722 1558 785 sequen-

236 823 237 827 =
260 799 373 846 tium
394 814 615 845 annorum
641 795 854 843 exstruxit
875 793 1089 850 ambitio,
1112 794 1348 858 aliquando
1369 795 1464 843 solo
1485 813 1558 843 ae—

262 887 394 935 quata
421 871 625 919 visentur.
659 873 720 917 Ita
750 869 827 917 est.
852 869 958 915 nihil
987 880 1270 937 perpetuum,
1297 884 1434 929 pauca
1461 868 1558 914 diu-

260 957 388 992 turna
414 945 522 992 sunt.
546 944 662 991 aliud
690 942 776 990 alio
805 943 947 989 modo
973 942 1124 1005 fragile
1153 940 1216 988 est
1244 958 1257 987 ς
1282 957 1430 987 rerum
1467 941 1558 987 exi-

259 1031 330 1065 tus
360 1017 586 1065 variantur
615 1035 626 1062 :
652 1027 850 1063 ceterum
876 1014 1093 1078 quidquid
1120 1013 1295 1075 coepit,
1325 1025 1368 1060 et
1394 1012 1559 1062 definit.

290 1092 437 1140 ‘lundo
463 1089 643 1155 quidam
667 1089 890 1136 minantur
915 1088 1142 1135 interitum
1160 1123 1174 1144 ,
1197 1100 1241 1136 et
1269 1088 1356 1134 hoc
1376 1087 1558 1135 univer-

260 1166 355 1214 sum
372 1200 386 1223 ,
412 1164 538 1228 quod
561 1162 714 1209 omnia
735 1162 886 1220 divina
911 1161 1192 1224 humanaque
1224 1161 1531 1224 compleciitur
1543 1197 1560 1219 ,

261 1239 293 1285 si
317 1237 380 1285 fas
400 1249 527 1300 putas
548 1237 726 1284 credere
747 1271 762 1293 ‚
781 1235 871 1282 dies
890 1234 1044 1298 aliquis
1063 1234 1280 1299 diffipabit
1295 1269 1307 1290 ‚
1324 1250 1367 1281 et
1386 1234 1431 1281 in
1449 1251 1556 1282 con-

261 1312 483 1358 fusionem
513 1325 713 1357 veterem
745 1308 1035 1372 tenebrasque
1063 1308 1302 1372 demerget.
1335 1311 1414 1354 Eat
1443 1325 1559 1355 nunc

260 1384 448 1449 aliquis,
478 1395 521 1429 et
551 1383 731 1446 singulas
770 1381 1020 1444 comploret
1049 1380 1214 1428 animas
1239 1400 1250 1428 ε
1281 1381 1560 1446 Carthaginis

263 1476 314 1506 ac
335 1458 602 1505 Numantiae
628 1455 925 1519 Corinthique
946 1455 1143 1502 cinerem
1158 1490 1172 1512 ‚
1193 1468 1238 1503 et
1256 1455 1286 1501 fi
1306 1455 1414 1519 quid
1432 1455 1560 1502 altius

260 1530 450 1590 cecidit,
477 1531 764 1577 lamentetur:
788 1546 887 1575 cum
913 1528 1044 1575 etiam
1077 1529 1193 1583 hcc,
1221 1529 1346 1593 quod
1365 1546 1458 1576 non
1478 1530 1560 1576 ha-

261 1608 336 1655 bet
364 1623 456 1671 quo
479 1607 633 1665 cadat,
658 1605 710 1652 fit
736 1603 1031 1651 interiturum.
1057 1605 1137 1649 Eat
1163 1604 1345 1668 aliquis,
1374 1615 1416 1650 et
1442 1603 1528 1651 fata
1545 1639 1560 1660 ,

260 1694 431 1728 tantum
465 1680 705 1744 aliquando
736 1677 859 1727 nefas
885 1676 1063 1737 ausura,
1091 1677 1170 1726 fibi
1195 1695 1287 1727 non
1314 1676 1557 1743 pepercisse

264 1762 577 1815 conqueratur,
727 1750 735 1761 ⁵
783 1751 786 1753 ’

327 1829 457 1875 XXI.
486 1826 603 1889 Quis
622 1841 712 1875 tam
741 1827 950 1890 superbae
975 1825 1320 1890 impotentisque
1347 1841 1559 1889 arrogan-

267 1900 354 1947 tiae
373 1899 435 1947 est
449 1936 463 1958 ‚
480 1915 529 1946 ut
548 1899 595 1945 in
615 1899 695 1946 bac
716 1914 899 1946 naturae
920 1897 1164 1945 necessitate
1178 1934 1190 1957 ‚
1214 1898 1365 1944 omnia
1382 1898 1434 1944 ad
1453 1914 1560 1944 eun-

242 1975 365 2020 'dem
387 1971 522 2018 finem
543 1971 821 2027 revocantis,
843 1969 886 2017 se
906 1987 1043 2017 unum
1065 1987 1116 2016 ac
1137 1969 1236 2018 suos
1257 1969 1410 2033 seponi
1427 1969 1556 2018 velit:

261 2049 530 2110 ruinaeque,
561 2045 695 2093 etiam
727 2045 807 2108 ipfi
844 2047 1016 2093 mundo
1047 2044 1334 2101 imminenti,
1365 2044 1559 2108 aliquam

262 2121 450 2166 domum
471 2118 720 2164 subtrahat?
748 2117 994 2164 Maximum
1019 2134 1127 2181 ergo
1148 2115 1349 2164 solatium
1368 2116 1428 2163 est
1445 2153 1458 2175 ‚
1480 2132 1559 2163 co-

262 2191 399 2254 gitare
421 2192 467 2238 id
497 2191 575 2237 fibi
602 2191 831 2246 accidisse,
860 2191 983 2254 quod
1005 2201 1102 2237 ante
1131 2188 1174 2236 se
1206 2190 1308 2252 passi
1336 2189 1434 2236 sunt
1456 2205 1558 2235 om-

262 2281 365 2319 nes,
385 2280 630 2326 omnesque
659 2263 848 2326 paffuri:
873 2275 916 2307 et
943 2261 1048 2307 ideo
1074 2259 1184 2306 mihi
1208 2260 1382 2307 videtur
1407 2277 1560 2307 rerum

264 2351 440 2396 natura,
469 2339 593 2403 quod
620 2337 918 2402 gravissimum
947 2334 1082 2393 fecit,
1113 2350 1353 2381 commune
1381 2333 1527 2380 feciffe
1547 2368 1564 2393 ‚

264 2425 312 2455 ut
328 2411 628 2456 cruclelztatem
648 2402 1042 2455 taticorasol’2re1ur
1056 2405 1302 2470 aequalitas.
1323 2404 1430 2451 Illud
1446 2420 1560 2466 quo-

265 2497 354 2545 que
373 2495 415 2528 te
443 2498 538 2530 non
557 2481 792 2543 minimum
820 2479 1069 2539 adiuverit,
1101 2478 1132 2525 fi
1161 2476 1428 2542 cogitaveris
1450 2473 1560 2522 nihil
