<?xml version="1.0" encoding="UTF-8"?>
<!DOCTYPE html PUBLIC "-//W3C//DTD XHTML 1.0 Transitional//EN"
    "http://www.w3.org/TR/xhtml1/DTD/xhtml1-transitional.dtd">
<html xmlns="http://www.w3.org/1999/xhtml" xml:lang="en" lang="en">
 <head>
  <title>
</title>
<meta http-equiv="Content-Type" content="text/html;charset=utf-8" />
  <meta name='ocr-system' content='tesseract 3.04.00' />
  <meta name='ocr-capabilities' content='ocr_page ocr_carea ocr_par ocr_line ocrx_word'/>
</head>
<body>
  <div class='ocr_page' id='page_1' title='image "./lannaeisenecaeph01seneuoft_0349.png"; bbox 0 0 1741 2919; ppageno 0'>
   <div class='ocr_carea' id='block_1_1' title="bbox 376 103 1445 166">
    <p class='ocr_par' dir='ltr' id='par_1_1' title="bbox 376 103 1445 166">
     <span class='ocr_line' id='line_1_1' title="bbox 376 103 1445 166; baseline -0.005 -12"><span class='ocrx_word' id='word_1_1' title='bbox 376 107 462 154; x_wconf 80' lang='lat' dir='ltr'>DE</span> <span class='ocrx_word' id='word_1_2' title='bbox 495 103 896 153; x_wconf 84' lang='lat' dir='ltr'><strong>CONSTANTIA</strong></span> <span class='ocrx_word' id='word_1_3' title='bbox 928 103 1238 150; x_wconf 76' lang='lat' dir='ltr'><strong>SAPIENTIS.</strong></span> <span class='ocrx_word' id='word_1_4' title='bbox 1345 119 1445 166; x_wconf 78' lang='lat'>303.</span> 
     </span>
    </p>
   </div>
   <div class='ocr_carea' id='block_1_2' title="bbox 168 208 1470 2470">
    <p class='ocr_par' dir='ltr' id='par_1_2' title="bbox 168 208 1445 547">
     <span class='ocr_line' id='line_1_2' title="bbox 171 208 1443 274; baseline -0.004 -15"><span class='ocrx_word' id='word_1_5' title='bbox 171 211 213 259; x_wconf 76' lang='lat' dir='ltr'>se</span> <span class='ocrx_word' id='word_1_6' title='bbox 240 223 286 259; x_wconf 89' lang='lat' dir='ltr'>et</span> <span class='ocrx_word' id='word_1_7' title='bbox 311 211 522 274; x_wconf 56' lang='lat' dir='ltr'>speetatos</span> <span class='ocrx_word' id='word_1_8' title='bbox 552 211 680 268; x_wconf 80' lang='lat' dir='ltr'>sales,</span> <span class='ocrx_word' id='word_1_9' title='bbox 714 211 759 257; x_wconf 91' lang='lat' dir='ltr'>in</span> <span class='ocrx_word' id='word_1_10' title='bbox 780 221 943 273; x_wconf 89' lang='lat' dir='ltr'>partem</span> <span class='ocrx_word' id='word_1_11' title='bbox 971 210 1132 256; x_wconf 87' lang='lat' dir='ltr'>bonam</span> <span class='ocrx_word' id='word_1_12' title='bbox 1161 209 1352 272; x_wconf 78' lang='lat' dir='ltr'>accepit,</span> <span class='ocrx_word' id='word_1_13' title='bbox 1382 208 1443 253; x_wconf 85' lang='lat' dir='ltr'>ri·</span> 
     </span>
     <span class='ocr_line' id='line_1_3' title="bbox 168 282 1444 348; baseline -0.005 -16"><span class='ocrx_word' id='word_1_14' title='bbox 168 286 306 348; x_wconf 84' lang='lat' dir='ltr'>fitque</span> <span class='ocrx_word' id='word_1_15' title='bbox 331 302 423 331; x_wconf 85' lang='lat' dir='ltr'>non</span> <span class='ocrx_word' id='word_1_16' title='bbox 454 285 621 340; x_wconf 83' lang='lat' dir='ltr'>minus,</span> <span class='ocrx_word' id='word_1_17' title='bbox 651 302 781 348; x_wconf 87' lang='lat' dir='ltr'>quam</span> <span class='ocrx_word' id='word_1_18' title='bbox 809 300 909 330; x_wconf 89' lang='lat' dir='ltr'>cum</span> <span class='ocrx_word' id='word_1_19' title='bbox 936 284 989 329; x_wconf 88' lang='lat' dir='ltr'>ab</span> <span class='ocrx_word' id='word_1_20' title='bbox 1015 299 1153 329; x_wconf 83' lang='lat' dir='ltr'>uxore</span> <span class='ocrx_word' id='word_1_21' title='bbox 1184 282 1444 343; x_wconf 79' lang='lat' dir='ltr'>Xanthippe</span> 
     </span>
     <span class='ocr_line' id='line_1_4' title="bbox 168 355 1445 421; baseline -0.003 -17"><span class='ocrx_word' id='word_1_22' title='bbox 168 357 394 404; x_wconf 85' lang='lat' dir='ltr'>immunda</span> <span class='ocrx_word' id='word_1_23' title='bbox 413 375 524 421; x_wconf 85' lang='lat' dir='ltr'>aqua</span> <span class='ocrx_word' id='word_1_24' title='bbox 553 357 900 421; x_wconf 76' lang='lat' dir='ltr'>perfimderetur.</span> <span class='ocrx_word' id='word_1_25' title='bbox 933 356 1171 403; x_wconf 81' lang='lat' dir='ltr'>Antistheni</span> <span class='ocrx_word' id='word_1_26' title='bbox 1195 371 1331 402; x_wconf 81' lang='lat' dir='ltr'>mater</span> <span class='ocrx_word' id='word_1_27' title='bbox 1350 355 1445 400; x_wconf 81' lang='lat' dir='ltr'>bar-</span> 
     </span>
     <span class='ocr_line' id='line_1_5' title="bbox 171 427 1444 490; baseline -0.002 -16"><span class='ocrx_word' id='word_1_28' title='bbox 171 428 274 474; x_wconf 85' lang='lat' dir='ltr'>bara</span> <span class='ocrx_word' id='word_1_29' title='bbox 292 439 335 474; x_wconf 91' lang='lat' dir='ltr'>et</span> <span class='ocrx_word' id='word_1_30' title='bbox 362 429 544 475; x_wconf 74' lang='lat' dir='ltr'>Thressa</span> <span class='ocrx_word' id='word_1_31' title='bbox 564 427 885 474; x_wconf 85' lang='lat' dir='ltr'>obiiciebatur:</span> <span class='ocrx_word' id='word_1_32' title='bbox 912 427 1163 490; x_wconf 76' lang='lat' dir='ltr'><strong>respondit,</strong></span> <span class='ocrx_word' id='word_1_33' title='bbox 1190 439 1235 474; x_wconf 90' lang='lat' dir='ltr'>et</span> <span class='ocrx_word' id='word_1_34' title='bbox 1259 427 1444 473; x_wconf 81' lang='lat' dir='ltr'>deorum</span> 
     </span>
     <span class='ocr_line' id='line_1_6' title="bbox 171 500 676 547; baseline 0 0"><span class='ocrx_word' id='word_1_35' title='bbox 171 512 354 547; x_wconf 86' lang='lat' dir='ltr'>matrem</span> <span class='ocrx_word' id='word_1_36' title='bbox 383 502 552 547; x_wconf 81' lang='lat' dir='ltr'>Idaeam</span> <span class='ocrx_word' id='word_1_37' title='bbox 577 500 676 547; x_wconf 80' lang='lat' dir='ltr'>effe.</span> 
     </span>
    </p>

    <p class='ocr_par' dir='ltr' id='par_1_3' title="bbox 172 571 1470 2470">
     <span class='ocr_line' id='line_1_7' title="bbox 236 571 1447 637; baseline 0 -16"><span class='ocrx_word' id='word_1_38' title='bbox 236 575 364 623; x_wconf 90' lang='grc' dir='ltr'><strong>ΧΙΧ.</strong></span> <span class='ocrx_word' id='word_1_39' title='bbox 406 577 513 622; x_wconf 89' lang='lat' dir='ltr'>Non</span> <span class='ocrx_word' id='word_1_40' title='bbox 542 573 603 620; x_wconf 91' lang='lat' dir='ltr'>est</span> <span class='ocrx_word' id='word_1_41' title='bbox 630 575 675 620; x_wconf 89' lang='lat' dir='ltr'>in</span> <span class='ocrx_word' id='word_1_42' title='bbox 708 575 844 621; x_wconf 80' lang='lat' dir='ltr'>rixam</span> <span class='ocrx_word' id='word_1_43' title='bbox 882 571 1326 637; x_wconf 63' lang='lat' dir='ltr'>collufitationemque</span> <span class='ocrx_word' id='word_1_44' title='bbox 1361 591 1447 621; x_wconf 88' lang='lat' dir='ltr'>ve-</span> 
     </span>
     <span class='ocr_line' id='line_1_8' title="bbox 175 647 1449 712; baseline 0 -18"><span class='ocrx_word' id='word_1_45' title='bbox 175 647 402 696; x_wconf 88' lang='lat' dir='ltr'>niendum.</span> <span class='ocrx_word' id='word_1_46' title='bbox 420 649 582 712; x_wconf 90' lang='lat' dir='ltr'>procul</span> <span class='ocrx_word' id='word_1_47' title='bbox 611 648 837 696; x_wconf 86' lang='lat' dir='ltr'>auferendi</span> <span class='ocrx_word' id='word_1_48' title='bbox 857 650 987 712; x_wconf 84' lang='lat' dir='ltr'>pedes</span> <span class='ocrx_word' id='word_1_49' title='bbox 1016 649 1141 695; x_wconf 82' lang='lat' dir='ltr'>sunt:</span> <span class='ocrx_word' id='word_1_50' title='bbox 1162 665 1205 695; x_wconf 88' lang='lat' dir='ltr'>et</span> <span class='ocrx_word' id='word_1_51' title='bbox 1233 648 1449 712; x_wconf 79' lang='lat' dir='ltr'>quidquid</span> 
     </span>
     <span class='ocr_line' id='line_1_9' title="bbox 175 720 1449 786; baseline 0.001 -20"><span class='ocrx_word' id='word_1_52' title='bbox 175 720 333 767; x_wconf 84' lang='lat' dir='ltr'>horum</span> <span class='ocrx_word' id='word_1_53' title='bbox 354 721 408 768; x_wconf 88' lang='lat' dir='ltr'>ab</span> <span class='ocrx_word' id='word_1_54' title='bbox 435 721 855 784; x_wconf 76' lang='lat' dir='ltr'>imprudentioribus</span> <span class='ocrx_word' id='word_1_55' title='bbox 881 721 955 768; x_wconf 84' lang='lat' dir='ltr'>fiet</span> <span class='ocrx_word' id='word_1_56' title='bbox 980 721 1101 786; x_wconf 71' lang='lat' dir='ltr'>(lieri</span> <span class='ocrx_word' id='word_1_57' title='bbox 1126 734 1270 769; x_wconf 87' lang='lat' dir='ltr'>autem</span> <span class='ocrx_word' id='word_1_58' title='bbox 1298 722 1375 768; x_wconf 85' lang='lat' dir='ltr'>nifi</span> <span class='ocrx_word' id='word_1_59' title='bbox 1395 722 1449 767; x_wconf 92' lang='lat' dir='ltr'>ab</span> 
     </span>
     <span class='ocr_line' id='line_1_10' title="bbox 172 791 1451 857; baseline 0.002 -19"><span class='ocrx_word' id='word_1_60' title='bbox 172 791 524 856; x_wconf 85' lang='lat' dir='ltr'>imprudentibus</span> <span class='ocrx_word' id='word_1_61' title='bbox 546 810 639 840; x_wconf 89' lang='lat' dir='ltr'>non</span> <span class='ocrx_word' id='word_1_62' title='bbox 666 792 834 857; x_wconf 87' lang='lat' dir='ltr'>potest)</span> <span class='ocrx_word' id='word_1_63' title='bbox 865 794 1183 857; x_wconf 78' lang='lat' dir='ltr'>negligendum.</span> <span class='ocrx_word' id='word_1_64' title='bbox 1224 798 1276 843; x_wconf 85' lang='lat' dir='ltr'>Et</span> <span class='ocrx_word' id='word_1_65' title='bbox 1302 797 1451 841; x_wconf 74' lang='lat' dir='ltr'>hon00</span> 
     </span>
     <span class='ocr_line' id='line_1_11' title="bbox 173 865 1450 929; baseline 0.003 -19"><span class='ocrx_word' id='word_1_66' title='bbox 173 880 244 912; x_wconf 85' lang='lat' dir='ltr'>res</span> <span class='ocrx_word' id='word_1_67' title='bbox 272 875 315 911; x_wconf 89' lang='lat' dir='ltr'>et</span> <span class='ocrx_word' id='word_1_68' title='bbox 340 865 523 912; x_wconf 89' lang='lat' dir='ltr'>iniuriae</span> <span class='ocrx_word' id='word_1_69' title='bbox 554 866 706 929; x_wconf 85' lang='lat' dir='ltr'>vulgi,</span> <span class='ocrx_word' id='word_1_70' title='bbox 736 866 781 912; x_wconf 89' lang='lat' dir='ltr'>in</span> <span class='ocrx_word' id='word_1_71' title='bbox 808 866 1061 928; x_wconf 85' lang='lat' dir='ltr'>promiscuo</span> <span class='ocrx_word' id='word_1_72' title='bbox 1096 867 1285 913; x_wconf 84' lang='lat' dir='ltr'>habendi</span> <span class='ocrx_word' id='word_1_73' title='bbox 1317 868 1415 914; x_wconf 80' lang='lat' dir='ltr'>sunt</span> <span class='ocrx_word' id='word_1_74' title='bbox 1435 885 1450 914; x_wconf 74' lang='lat' dir='ltr'><strong><em>z</em></strong></span> 
     </span>
     <span class='ocr_line' id='line_1_12' title="bbox 176 936 1451 1001; baseline 0.002 -18"><span class='ocrx_word' id='word_1_75' title='bbox 176 952 257 983; x_wconf 90' lang='lat' dir='ltr'>nec</span> <span class='ocrx_word' id='word_1_76' title='bbox 288 936 355 984; x_wconf 91' lang='lat' dir='ltr'>his</span> <span class='ocrx_word' id='word_1_77' title='bbox 382 936 652 996; x_wconf 90' lang='lat' dir='ltr'>dolendum,</span> <span class='ocrx_word' id='word_1_78' title='bbox 685 954 767 984; x_wconf 87' lang='lat' dir='ltr'>nec</span> <span class='ocrx_word' id='word_1_79' title='bbox 799 937 884 984; x_wconf 87' lang='lat' dir='ltr'>illis</span> <span class='ocrx_word' id='word_1_80' title='bbox 910 938 1201 1000; x_wconf 80' lang='lat' dir='ltr'>gaudendum.</span> <span class='ocrx_word' id='word_1_81' title='bbox 1237 939 1451 1001; x_wconf 84' lang='lat' dir='ltr'>Alioquin</span> 
     </span>
     <span class='ocr_line' id='line_1_13' title="bbox 177 1009 1452 1069; baseline 0.002 -13"><span class='ocrx_word' id='word_1_82' title='bbox 177 1009 340 1065; x_wconf 86' lang='lat' dir='ltr'>multa,</span> <span class='ocrx_word' id='word_1_83' title='bbox 370 1009 531 1056; x_wconf 89' lang='lat' dir='ltr'>timore</span> <span class='ocrx_word' id='word_1_84' title='bbox 556 1009 922 1057; x_wconf 87' lang='lat' dir='ltr'>contumeliarum</span> <span class='ocrx_word' id='word_1_85' title='bbox 953 1024 1026 1058; x_wconf 88' lang='lat' dir='ltr'>aut</span> <span class='ocrx_word' id='word_1_86' title='bbox 1054 1011 1227 1069; x_wconf 86' lang='lat' dir='ltr'>taedio,</span> <span class='ocrx_word' id='word_1_87' title='bbox 1257 1012 1452 1059; x_wconf 83' lang='lat' dir='ltr'>neceffa-</span> 
     </span>
     <span class='ocr_line' id='line_1_14' title="bbox 176 1082 1453 1148; baseline 0.002 -18"><span class='ocrx_word' id='word_1_88' title='bbox 176 1083 240 1130; x_wconf 90' lang='lat' dir='ltr'>ria</span> <span class='ocrx_word' id='word_1_89' title='bbox 267 1084 548 1130; x_wconf 85' lang='lat' dir='ltr'>omittemus:</span> <span class='ocrx_word' id='word_1_90' title='bbox 579 1097 622 1130; x_wconf 88' lang='lat' dir='ltr'>et</span> <span class='ocrx_word' id='word_1_91' title='bbox 650 1082 835 1146; x_wconf 88' lang='lat' dir='ltr'>publicis</span> <span class='ocrx_word' id='word_1_92' title='bbox 861 1083 1133 1148; x_wconf 88' lang='lat' dir='ltr'>privatisque</span> <span class='ocrx_word' id='word_1_93' title='bbox 1161 1084 1344 1144; x_wconf 83' lang='lat' dir='ltr'>officiis,</span> <span class='ocrx_word' id='word_1_94' title='bbox 1371 1085 1453 1132; x_wconf 84' lang='lat' dir='ltr'>ali·</span> 
     </span>
     <span class='ocr_line' id='line_1_15' title="bbox 175 1156 1452 1221; baseline 0.002 -18"><span class='ocrx_word' id='word_1_95' title='bbox 175 1157 354 1221; x_wconf 88' lang='lat' dir='ltr'>quando</span> <span class='ocrx_word' id='word_1_96' title='bbox 387 1157 518 1205; x_wconf 87' lang='lat' dir='ltr'>etiam</span> <span class='ocrx_word' id='word_1_97' title='bbox 555 1156 829 1212; x_wconf 85' lang='lat' dir='ltr'>salutaribus,</span> <span class='ocrx_word' id='word_1_98' title='bbox 868 1173 958 1204; x_wconf 93' lang='lat' dir='ltr'>non</span> <span class='ocrx_word' id='word_1_99' title='bbox 995 1174 1312 1216; x_wconf 83' lang='lat' dir='ltr'>occurremus,</span> <span class='ocrx_word' id='word_1_100' title='bbox 1345 1160 1452 1207; x_wconf 84' lang='lat' dir='ltr'>dum</span> 
     </span>
     <span class='ocr_line' id='line_1_16' title="bbox 176 1230 1454 1294; baseline 0.003 -18"><span class='ocrx_word' id='word_1_101' title='bbox 176 1230 397 1278; x_wconf 86' lang='lat' dir='ltr'>muliebris</span> <span class='ocrx_word' id='word_1_102' title='bbox 425 1248 505 1278; x_wconf 87' lang='lat' dir='ltr'>nos</span> <span class='ocrx_word' id='word_1_103' title='bbox 523 1247 628 1278; x_wconf 92' lang='lat' dir='ltr'>cura</span> <span class='ocrx_word' id='word_1_104' title='bbox 649 1230 791 1294; x_wconf 82' lang='lat' dir='ltr'>angit,</span> <span class='ocrx_word' id='word_1_105' title='bbox 811 1230 975 1294; x_wconf 85' lang='lat' dir='ltr'>aliquid</span> <span class='ocrx_word' id='word_1_106' title='bbox 997 1246 1148 1278; x_wconf 87' lang='lat' dir='ltr'>contra</span> <span class='ocrx_word' id='word_1_107' title='bbox 1171 1232 1363 1279; x_wconf 86' lang='lat' dir='ltr'>animum</span> <span class='ocrx_word' id='word_1_108' title='bbox 1383 1251 1454 1280; x_wconf 84' lang='lat' dir='ltr'>au·</span> 
     </span>
     <span class='ocr_line' id='line_1_17' title="bbox 177 1303 1456 1370; baseline 0.002 -20"><span class='ocrx_word' id='word_1_109' title='bbox 177 1303 325 1350; x_wconf 88' lang='lat' dir='ltr'>diendi</span> <span class='ocrx_word' id='word_1_110' title='bbox 346 1320 356 1350; x_wconf 72' lang='grc' dir='ltr'><em>τ</em></span> <span class='ocrx_word' id='word_1_111' title='bbox 381 1304 614 1367; x_wconf 87' lang='lat' dir='ltr'>aliquando</span> <span class='ocrx_word' id='word_1_112' title='bbox 636 1303 766 1350; x_wconf 87' lang='lat' dir='ltr'>etiam</span> <span class='ocrx_word' id='word_1_113' title='bbox 796 1303 954 1350; x_wconf 83' lang='lat' dir='ltr'>obirati</span> <span class='ocrx_word' id='word_1_114' title='bbox 978 1304 1252 1366; x_wconf 83' lang='lat' dir='ltr'>potentibus,</span> <span class='ocrx_word' id='word_1_115' title='bbox 1281 1306 1456 1370; x_wconf 67' lang='lat' dir='ltr'>detege⁶</span> 
     </span>
     <span class='ocr_line' id='line_1_18' title="bbox 179 1375 1456 1438; baseline 0.004 -17"><span class='ocrx_word' id='word_1_116' title='bbox 179 1391 275 1422; x_wconf 84' lang='lat' dir='ltr'>mus</span> <span class='ocrx_word' id='word_1_117' title='bbox 302 1376 418 1422; x_wconf 89' lang='lat' dir='ltr'>hunc</span> <span class='ocrx_word' id='word_1_118' title='bbox 443 1375 645 1423; x_wconf 69' lang='lat' dir='ltr'>affeftutn</span> <span class='ocrx_word' id='word_1_119' title='bbox 673 1376 978 1438; x_wconf 76' lang='lat' dir='ltr'><strong>intemperanti</strong></span> <span class='ocrx_word' id='word_1_120' title='bbox 1006 1375 1219 1424; x_wconf 84' lang='lat' dir='ltr'>libertate.</span> <span class='ocrx_word' id='word_1_121' title='bbox 1253 1379 1359 1424; x_wconf 89' lang='lat' dir='ltr'>Non</span> <span class='ocrx_word' id='word_1_122' title='bbox 1394 1379 1456 1426; x_wconf 84' lang='lat' dir='ltr'>est</span> 
     </span>
     <span class='ocr_line' id='line_1_19' title="bbox 179 1448 1457 1513; baseline 0.002 -18"><span class='ocrx_word' id='word_1_123' title='bbox 179 1462 321 1496; x_wconf 88' lang='lat' dir='ltr'>autem</span> <span class='ocrx_word' id='word_1_124' title='bbox 341 1449 541 1508; x_wconf 88' lang='lat' dir='ltr'>libertas,</span> <span class='ocrx_word' id='word_1_125' title='bbox 565 1449 672 1497; x_wconf 86' lang='lat' dir='ltr'>nihil</span> <span class='ocrx_word' id='word_1_126' title='bbox 695 1449 797 1513; x_wconf 90' lang='lat' dir='ltr'>pati.</span> <span class='ocrx_word' id='word_1_127' title='bbox 826 1448 1040 1496; x_wconf 78' lang='lat' dir='ltr'>Fallimur.</span> <span class='ocrx_word' id='word_1_128' title='bbox 1066 1451 1239 1497; x_wconf 83' lang='lat' dir='ltr'>libertas</span> <span class='ocrx_word' id='word_1_129' title='bbox 1263 1451 1346 1510; x_wconf 81' lang='lat' dir='ltr'>est,</span> <span class='ocrx_word' id='word_1_130' title='bbox 1364 1453 1457 1499; x_wconf 66' lang='lat' dir='ltr'>anie</span> 
     </span>
     <span class='ocr_line' id='line_1_20' title="bbox 180 1522 1457 1587; baseline 0.003 -19"><span class='ocrx_word' id='word_1_131' title='bbox 180 1538 305 1569; x_wconf 87' lang='lat' dir='ltr'>mum</span> <span class='ocrx_word' id='word_1_132' title='bbox 330 1522 576 1586; x_wconf 87' lang='lat' dir='ltr'>supponere</span> <span class='ocrx_word' id='word_1_133' title='bbox 602 1523 796 1580; x_wconf 85' lang='lat' dir='ltr'>iniuriis,</span> <span class='ocrx_word' id='word_1_134' title='bbox 817 1534 860 1569; x_wconf 81' lang='lat' dir='ltr'>et</span> <span class='ocrx_word' id='word_1_135' title='bbox 887 1541 987 1569; x_wconf 81' lang='lat' dir='ltr'>eum</span> <span class='ocrx_word' id='word_1_136' title='bbox 1016 1523 1160 1571; x_wconf 81' lang='lat' dir='ltr'>facere</span> <span class='ocrx_word' id='word_1_137' title='bbox 1189 1524 1230 1571; x_wconf 84' lang='lat' dir='ltr'>se</span> <span class='ocrx_word' id='word_1_138' title='bbox 1245 1557 1260 1580; x_wconf 83' lang='lat'><strong>,</strong></span> <span class='ocrx_word' id='word_1_139' title='bbox 1284 1542 1338 1572; x_wconf 85' lang='lat' dir='ltr'>ex</span> <span class='ocrx_word' id='word_1_140' title='bbox 1363 1542 1457 1587; x_wconf 80' lang='lat' dir='ltr'>quo</span> 
     </span>
     <span class='ocr_line' id='line_1_21' title="bbox 181 1596 1457 1662; baseline 0.001 -18"><span class='ocrx_word' id='word_1_141' title='bbox 181 1596 278 1644; x_wconf 92' lang='lat' dir='ltr'>solo</span> <span class='ocrx_word' id='word_1_142' title='bbox 310 1596 388 1644; x_wconf 80' lang='lat' dir='ltr'>fibi</span> <span class='ocrx_word' id='word_1_143' title='bbox 419 1599 647 1662; x_wconf 85' lang='lat' dir='ltr'>gaudenda</span> <span class='ocrx_word' id='word_1_144' title='bbox 678 1598 856 1645; x_wconf 88' lang='lat' dir='ltr'>veniant</span> <span class='ocrx_word' id='word_1_145' title='bbox 888 1615 898 1644; x_wconf 93' lang='lat'><strong>:</strong></span> <span class='ocrx_word' id='word_1_146' title='bbox 931 1598 1150 1645; x_wconf 73' lang='lat' dir='ltr'>exteriora</span> <span class='ocrx_word' id='word_1_147' title='bbox 1185 1600 1401 1646; x_wconf 81' lang='lat' dir='ltr'>deducere</span> <span class='ocrx_word' id='word_1_148' title='bbox 1434 1617 1457 1645; x_wconf 77' lang='lat' dir='ltr'>a</span> 
     </span>
     <span class='ocr_line' id='line_1_22' title="bbox 181 1669 1459 1736; baseline 0.002 -18"><span class='ocrx_word' id='word_1_149' title='bbox 181 1669 250 1730; x_wconf 90' lang='lat' dir='ltr'>se,</span> <span class='ocrx_word' id='word_1_150' title='bbox 275 1689 330 1719; x_wconf 94' lang='lat' dir='ltr'>ne</span> <span class='ocrx_word' id='word_1_151' title='bbox 347 1670 542 1735; x_wconf 90' lang='lat' dir='ltr'>inquieta</span> <span class='ocrx_word' id='word_1_152' title='bbox 569 1672 730 1736; x_wconf 81' lang='lat' dir='ltr'>agenda</span> <span class='ocrx_word' id='word_1_153' title='bbox 753 1671 801 1718; x_wconf 89' lang='lat' dir='ltr'>fit</span> <span class='ocrx_word' id='word_1_154' title='bbox 826 1672 914 1718; x_wconf 83' lang='lat' dir='ltr'>vita</span> <span class='ocrx_word' id='word_1_155' title='bbox 930 1707 943 1727; x_wconf 85' lang='lat'>,</span> <span class='ocrx_word' id='word_1_156' title='bbox 973 1673 1173 1719; x_wconf 82' lang='lat' dir='ltr'>omnium</span> <span class='ocrx_word' id='word_1_157' title='bbox 1196 1673 1328 1732; x_wconf 88' lang='lat' dir='ltr'>risus,</span> <span class='ocrx_word' id='word_1_158' title='bbox 1357 1691 1459 1720; x_wconf 84' lang='lat' dir='ltr'>om-</span> 
     </span>
     <span class='ocr_line' id='line_1_23' title="bbox 183 1744 1461 1810; baseline 0.003 -19"><span class='ocrx_word' id='word_1_159' title='bbox 183 1745 306 1792; x_wconf 88' lang='lat' dir='ltr'>nium</span> <span class='ocrx_word' id='word_1_160' title='bbox 326 1744 494 1810; x_wconf 86' lang='lat' dir='ltr'>linguas</span> <span class='ocrx_word' id='word_1_161' title='bbox 524 1745 708 1792; x_wconf 86' lang='lat' dir='ltr'>timenti.</span> <span class='ocrx_word' id='word_1_162' title='bbox 742 1744 856 1806; x_wconf 84' lang='lat' dir='ltr'>Quis</span> <span class='ocrx_word' id='word_1_163' title='bbox 881 1745 941 1792; x_wconf 82' lang='lat' dir='ltr'>est</span> <span class='ocrx_word' id='word_1_164' title='bbox 966 1745 1081 1792; x_wconf 85' lang='lat' dir='ltr'>enim</span> <span class='ocrx_word' id='word_1_165' title='bbox 1098 1781 1110 1801; x_wconf 88' lang='lat'>,</span> <span class='ocrx_word' id='word_1_166' title='bbox 1137 1745 1213 1809; x_wconf 83' lang='lat' dir='ltr'>qui</span> <span class='ocrx_word' id='word_1_167' title='bbox 1245 1764 1335 1793; x_wconf 87' lang='lat' dir='ltr'>non</span> <span class='ocrx_word' id='word_1_168' title='bbox 1360 1748 1461 1810; x_wconf 81' lang='lat' dir='ltr'>pos-</span> 
     </span>
     <span class='ocr_line' id='line_1_24' title="bbox 183 1817 1462 1882; baseline 0.003 -18"><span class='ocrx_word' id='word_1_169' title='bbox 183 1818 234 1865; x_wconf 86' lang='lat' dir='ltr'>fit</span> <span class='ocrx_word' id='word_1_170' title='bbox 253 1818 563 1866; x_wconf 83' lang='lat' dir='ltr'>contumeliam</span> <span class='ocrx_word' id='word_1_171' title='bbox 592 1817 760 1875; x_wconf 88' lang='lat' dir='ltr'>facere,</span> <span class='ocrx_word' id='word_1_172' title='bbox 784 1817 813 1864; x_wconf 83' lang='lat' dir='ltr'>fi</span> <span class='ocrx_word' id='word_1_173' title='bbox 833 1819 1065 1882; x_wconf 82' lang='lat' dir='ltr'>quisquam</span> <span class='ocrx_word' id='word_1_174' title='bbox 1089 1819 1232 1882; x_wconf 83' lang='lat' dir='ltr'>potest</span> <span class='ocrx_word' id='word_1_175' title='bbox 1252 1822 1270 1867; x_wconf 86' lang='lat'>?</span> <span class='ocrx_word' id='word_1_176' title='bbox 1296 1822 1462 1870; x_wconf 78' lang='lat' dir='ltr'>Diver=¹</span> 
     </span>
     <span class='ocr_line' id='line_1_25' title="bbox 185 1891 1462 1961; baseline 0.005 -23"><span class='ocrx_word' id='word_1_177' title='bbox 185 1891 234 1939; x_wconf 94' lang='lat' dir='ltr'>so</span> <span class='ocrx_word' id='word_1_178' title='bbox 261 1904 406 1939; x_wconf 88' lang='lat' dir='ltr'>autem</span> <span class='ocrx_word' id='word_1_179' title='bbox 441 1891 641 1940; x_wconf 88' lang='lat' dir='ltr'>remedio</span> <span class='ocrx_word' id='word_1_180' title='bbox 670 1907 813 1942; x_wconf 86' lang='lat' dir='ltr'>utetur</span> <span class='ocrx_word' id='word_1_181' title='bbox 841 1896 1033 1958; x_wconf 80' lang='lat' dir='ltr'>sapiens,</span> <span class='ocrx_word' id='word_1_182' title='bbox 1058 1896 1365 1961; x_wconf 62' lang='lat' dir='ltr'>affefiatorque</span> <span class='ocrx_word' id='word_1_183' title='bbox 1397 1899 1462 1944; x_wconf 80' lang='lat' dir='ltr'>sa·-</span> 
     </span>
     <span class='ocr_line' id='line_1_26' title="bbox 185 1963 1463 2031; baseline 0.004 -20"><span class='ocrx_word' id='word_1_184' title='bbox 185 1963 391 2028; x_wconf 76' lang='lat' dir='ltr'>pientiae.</span> <span class='ocrx_word' id='word_1_185' title='bbox 426 1965 696 2028; x_wconf 69' lang='lat' dir='ltr'>Imperfeffis</span> <span class='ocrx_word' id='word_1_186' title='bbox 715 1967 860 2023; x_wconf 89' lang='lat' dir='ltr'>enim,</span> <span class='ocrx_word' id='word_1_187' title='bbox 892 1982 936 2014; x_wconf 89' lang='lat' dir='ltr'>et</span> <span class='ocrx_word' id='word_1_188' title='bbox 974 1969 1115 2015; x_wconf 79' lang='lat' dir='ltr'>adhuc</span> <span class='ocrx_word' id='word_1_189' title='bbox 1149 1970 1203 2015; x_wconf 88' lang='lat' dir='ltr'>ad</span> <span class='ocrx_word' id='word_1_190' title='bbox 1238 1970 1463 2031; x_wconf 77' lang='lat' dir='ltr'>publicum</span> 
     </span>
     <span class='ocr_line' id='line_1_27' title="bbox 183 2038 1465 2106; baseline 0.003 -20"><span class='ocrx_word' id='word_1_191' title='bbox 183 2039 226 2086; x_wconf 83' lang='lat' dir='ltr'>se</span> <span class='ocrx_word' id='word_1_192' title='bbox 263 2038 472 2085; x_wconf 88' lang='lat' dir='ltr'>iudicium</span> <span class='ocrx_word' id='word_1_193' title='bbox 507 2039 825 2103; x_wconf 77' lang='lat' dir='ltr'>dirigentibus,</span> <span class='ocrx_word' id='word_1_194' title='bbox 858 2041 946 2089; x_wconf 84' lang='lat' dir='ltr'>hoc</span> <span class='ocrx_word' id='word_1_195' title='bbox 979 2044 1320 2106; x_wconf 85' lang='lat' dir='ltr'>proponendum</span> <span class='ocrx_word' id='word_1_196' title='bbox 1362 2044 1422 2091; x_wconf 86' lang='lat' dir='ltr'>est</span> <span class='ocrx_word' id='word_1_197' title='bbox 1450 2081 1465 2102; x_wconf 89' lang='lat'>‚</span> 
     </span>
     <span class='ocr_line' id='line_1_28' title="bbox 184 2111 1466 2177; baseline 0.003 -18"><span class='ocrx_word' id='word_1_198' title='bbox 184 2111 300 2159; x_wconf 87' lang='lat' dir='ltr'>inter</span> <span class='ocrx_word' id='word_1_199' title='bbox 332 2111 511 2159; x_wconf 89' lang='lat' dir='ltr'>iniurias</span> <span class='ocrx_word' id='word_1_200' title='bbox 540 2112 658 2175; x_wconf 82' lang='lat' dir='ltr'>ipsos</span> <span class='ocrx_word' id='word_1_201' title='bbox 690 2114 1065 2177; x_wconf 79' lang='lat' dir='ltr'>contumeliasque</span> <span class='ocrx_word' id='word_1_202' title='bbox 1097 2115 1260 2163; x_wconf 88' lang='lat' dir='ltr'>debere</span> <span class='ocrx_word' id='word_1_203' title='bbox 1292 2117 1466 2163; x_wconf 85' lang='lat' dir='ltr'>versari.</span> 
     </span>
     <span class='ocr_line' id='line_1_29' title="bbox 188 2186 1468 2252; baseline 0.003 -21"><span class='ocrx_word' id='word_1_204' title='bbox 188 2186 351 2232; x_wconf 88' lang='lat' dir='ltr'>Omnia</span> <span class='ocrx_word' id='word_1_205' title='bbox 372 2186 539 2234; x_wconf 87' lang='lat' dir='ltr'>leviora</span> <span class='ocrx_word' id='word_1_206' title='bbox 566 2187 767 2233; x_wconf 84' lang='lat' dir='ltr'>accidunt</span> <span class='ocrx_word' id='word_1_207' title='bbox 786 2187 1147 2249; x_wconf 60' lang='lat' dir='ltr'>exspeRantibus.</span> <span class='ocrx_word' id='word_1_208' title='bbox 1176 2205 1266 2250; x_wconf 85' lang='lat' dir='ltr'>quo</span> <span class='ocrx_word' id='word_1_209' title='bbox 1285 2190 1468 2252; x_wconf 84' lang='lat' dir='ltr'>quisque</span> 
     </span>
     <span class='ocr_line' id='line_1_30' title="bbox 189 2259 1468 2324; baseline 0.004 -19"><span class='ocrx_word' id='word_1_210' title='bbox 189 2259 416 2307; x_wconf 87' lang='lat' dir='ltr'>honestior</span> <span class='ocrx_word' id='word_1_211' title='bbox 441 2276 595 2324; x_wconf 85' lang='lat' dir='ltr'>genere</span> <span class='ocrx_word' id='word_1_212' title='bbox 611 2291 624 2315; x_wconf 92' lang='lat'>,</span> <span class='ocrx_word' id='word_1_213' title='bbox 645 2259 759 2307; x_wconf 86' lang='lat' dir='ltr'>fama</span> <span class='ocrx_word' id='word_1_214' title='bbox 774 2298 786 2319; x_wconf 91' lang='lat'>,</span> <span class='ocrx_word' id='word_1_215' title='bbox 812 2262 1079 2324; x_wconf 86' lang='lat' dir='ltr'>patrimonio</span> <span class='ocrx_word' id='word_1_216' title='bbox 1098 2260 1183 2319; x_wconf 83' lang='lat' dir='ltr'>est,</span> <span class='ocrx_word' id='word_1_217' title='bbox 1203 2263 1290 2310; x_wconf 87' lang='lat' dir='ltr'>hoc</span> <span class='ocrx_word' id='word_1_218' title='bbox 1315 2263 1355 2309; x_wconf 90' lang='lat' dir='ltr'>se</span> <span class='ocrx_word' id='word_1_219' title='bbox 1376 2263 1468 2310; x_wconf 89' lang='lat' dir='ltr'>for-</span> 
     </span>
     <span class='ocr_line' id='line_1_31' title="bbox 190 2331 1470 2395; baseline 0.003 -17"><span class='ocrx_word' id='word_1_220' title='bbox 190 2331 276 2378; x_wconf 85' lang='lat' dir='ltr'>tius</span> <span class='ocrx_word' id='word_1_221' title='bbox 303 2344 422 2395; x_wconf 84' lang='lat' dir='ltr'>gerat</span> <span class='ocrx_word' id='word_1_222' title='bbox 444 2350 453 2378; x_wconf 89' lang='lat'>:</span> <span class='ocrx_word' id='word_1_223' title='bbox 473 2348 668 2390; x_wconf 87' lang='lat' dir='ltr'>memor,</span> <span class='ocrx_word' id='word_1_224' title='bbox 697 2333 743 2377; x_wconf 88' lang='lat' dir='ltr'>in</span> <span class='ocrx_word' id='word_1_225' title='bbox 770 2335 909 2395; x_wconf 84' lang='lat' dir='ltr'>prima</span> <span class='ocrx_word' id='word_1_226' title='bbox 934 2333 1027 2379; x_wconf 86' lang='lat' dir='ltr'>acie</span> <span class='ocrx_word' id='word_1_227' title='bbox 1056 2333 1166 2380; x_wconf 81' lang='lat' dir='ltr'>altos</span> <span class='ocrx_word' id='word_1_228' title='bbox 1195 2335 1370 2381; x_wconf 80' lang='lat' dir='ltr'>ordines</span> <span class='ocrx_word' id='word_1_229' title='bbox 1392 2336 1470 2382; x_wconf 79' lang='lat' dir='ltr'>sta-</span> 
     </span>
     <span class='ocr_line' id='line_1_32' title="bbox 187 2405 1470 2470; baseline 0.003 -19"><span class='ocrx_word' id='word_1_230' title='bbox 187 2421 256 2458; x_wconf 87' lang='lat' dir='ltr'>re,</span> <span class='ocrx_word' id='word_1_231' title='bbox 277 2405 564 2453; x_wconf 85' lang='lat' dir='ltr'>contumelias</span> <span class='ocrx_word' id='word_1_232' title='bbox 579 2441 592 2463; x_wconf 90' lang='lat'>,</span> <span class='ocrx_word' id='word_1_233' title='bbox 610 2418 651 2453; x_wconf 88' lang='lat' dir='ltr'>et</span> <span class='ocrx_word' id='word_1_234' title='bbox 683 2407 821 2454; x_wconf 86' lang='lat' dir='ltr'>verba</span> <span class='ocrx_word' id='word_1_235' title='bbox 840 2405 1055 2468; x_wconf 87' lang='lat' dir='ltr'>probrosa</span> <span class='ocrx_word' id='word_1_236' title='bbox 1076 2442 1090 2466; x_wconf 91' lang='lat'>,</span> <span class='ocrx_word' id='word_1_237' title='bbox 1115 2419 1156 2453; x_wconf 88' lang='lat' dir='ltr'>et</span> <span class='ocrx_word' id='word_1_238' title='bbox 1178 2408 1438 2470; x_wconf 76' lang='lat' dir='ltr'>ignominias</span> <span class='ocrx_word' id='word_1_239' title='bbox 1455 2443 1470 2465; x_wconf 88' lang='lat'>‚</span> 
     </span>
    </p>
   </div>
  </div>
 </body>
</html>
