1741 2919
527 156 626 205 DE
678 153 811 202 IRA
863 153 998 201 Lis.
1048 154 1144 200 ΞΠ.
1402 149 1458 213 85

170 264 452 329 exspectare?
473 264 666 328 denique
686 279 740 311 ne
761 261 981 310 senatores
1000 259 1155 325 populi
1174 257 1368 308 Romani
1386 258 1464 305 so-

171 340 305 388 leatus
336 339 574 387 occideret.

235 413 363 459 XIX
395 415 545 473 Quam
567 409 775 474 superbae
798 407 913 456 fiuer
916 420 934 455 t
967 405 1266 462 crudelitatis,
1293 403 1348 450 ad
1363 417 1463 449 rem

171 484 362 549 pertinet
384 484 504 531 scire.
525 499 795 546 quamquam
815 482 1017 528 aberrare
1039 480 1125 526 alio
1147 467 1374 542 possumus
1396 475 1465 523 vi-

172 557 296 616 deri,
325 568 369 604 et
397 557 444 626 in
471 556 651 604 (levium
681 557 803 603 exire
835 556 944 602 ‚led
971 544 1062 601 hoc
1086 552 1229 616 ipsum
1259 568 1356 615 pars
1382 550 1465 597 erit

170 630 287 689 irae,
309 630 438 694 siper
456 629 580 676 solita
601 629 846 677 saevientia
874 627 1110 676 Ceciderat
1129 625 1311 690 flagellis
1336 624 1464 671 sena-

170 714 292 750 tores
311 721 322 749 :
344 704 432 766 ipse
451 701 627 760 effecit,
648 714 699 749 ut
718 702 806 750 dici
826 701 958 765 pofiit
974 738 990 759 ,
1007 700 1127 747 Solet
1147 698 1256 745 fieri.
1282 698 1466 745 torserat

170 791 251 837 per
279 775 463 832 omnia,
492 792 606 839 quae
631 775 678 821 in
715 792 862 823 rerum
892 779 1045 821 natura
1070 772 1305 820 tristissima
1333 771 1466 826 sunt,

169 847 377 907 fidiculis,
396 851 685 909 tabularibus,
705 852 888 908 eculeo,
907 850 1029 913 igne,
1049 847 1177 896 vultu
1193 847 1287 894 suo.
1300 849 1356 892 Et
1375 845 1465 891 hoc

169 921 276 970 loco
294 922 627 986 respondebitur
641 959 654 979 ‚
680 940 885 987 magnam
906 921 1025 970 rem!
1052 921 1083 967 fi
1104 935 1193 968 tres
1212 919 1462 973 senatores,

169 996 290 1060 quasi
318 1013 511 1062 nequam
542 998 793 1061 mancipia,
826 997 940 1045 inter
970 996 1158 1045 verbera
1188 1010 1232 1042 et
1264 993 1465 1040 flammas

169 1070 343 1132 divisit,
372 1072 514 1119 homo
533 1071 611 1136 qui
635 1072 688 1118 de
709 1085 811 1119 toto
831 1071 978 1118 senatu
1003 1069 1268 1117 trucidando
1286 1066 1463 1131 cogita-

169 1146 276 1194 bat:
309 1147 385 1211 qui
416 1146 599 1210 optabat
618 1182 632 1205 ,
658 1161 706 1192 ut
734 1145 925 1210 populus
950 1147 1177 1191 Romanus
1203 1158 1333 1190 unam
1367 1158 1464 1188 cer-

171 1218 319 1265 vicem
338 1218 518 1265 haberet
531 1254 545 1276 ,
562 1230 609 1265 ut
631 1217 790 1265 scelera
809 1217 882 1265 sua
898 1229 966 1265 tot
982 1217 1093 1265 locis
1112 1233 1162 1264 ac
1187 1214 1464 1278 temporibus

170 1290 347 1337 didueta
361 1326 374 1348 ,
392 1291 438 1337 in
457 1308 594 1338 unum
618 1292 752 1338 istum
771 1302 815 1338 et
834 1308 971 1349 unum
991 1292 1109 1339 diem
1127 1302 1317 1354 cogeret.
1339 1287 1463 1349 Quid

171 1373 260 1408 tam
290 1361 536 1409 inauditum
573 1381 706 1426 quam
735 1365 998 1410 noEfflrnum
1034 1363 1330 1428 supplicium?
1359 1377 1462 1408 cum

170 1435 400 1482 latrocinia
431 1436 624 1483 tenebris
655 1437 866 1485 abscondi
896 1437 1092 1494 soleant3
1113 1435 1463 1484 animadversio«

171 1523 276 1563 nes,
302 1522 394 1570 quo
418 1507 616 1554 notiores
639 1509 760 1568 sunt,
782 1509 880 1572 plus
907 1510 962 1555 ad
981 1510 1234 1572 exemplum
1253 1508 1463 1555 emenda-

169 1578 428 1641 tionemque
472 1579 727 1641 proficiunt.
770 1585 825 1630 Et
858 1584 949 1630 hoc
985 1583 1090 1630 loco
1125 1580 1462 1645 respondebitur

170 1649 282 1713 mjhi
302 1668 312 1696 :
336 1651 476 1710 Quod
496 1662 727 1715 tantopere
757 1655 1011 1714 admiraris,
1038 1655 1106 1702 isti
1127 1656 1279 1702 beluae
1305 1650 1462 1716 quoti-

171 1724 351 1771 dianum
366 1723 451 1778 est;
470 1725 524 1770 ad
542 1724 629 1771 hoc
649 1726 791 1785 vivit,
817 1729 871 1774 ad
888 1729 976 1777 hoc
994 1729 1148 1793 vigilat
1163 1764 1178 1787 ,
1201 1727 1256 1774 ad
1279 1727 1367 1774 hoc
1388 1725 1460 1771 lu-

171 1796 339 1844 cubrat.
367 1797 516 1844 Nemo
543 1809 661 1845 certe
684 1799 940 1848 invenietur
959 1801 1093 1860 alius,
1118 1802 1194 1865 qui
1211 1801 1462 1865 imperave-

171 1869 230 1916 rit
245 1869 336 1927 his,
351 1869 396 1914 in
414 1886 533 1933 quos
550 1871 841 1920 animadverti
862 1874 1060 1933 iubebat,
1083 1891 1135 1921 os
1151 1873 1306 1920 inserta
1325 1871 1461 1935 spon-

171 1941 240 2004 gia
258 1941 451 2000 includi,
466 1958 520 1990 ne
538 1943 666 1990 vocis
680 1945 945 1993 emittendae
965 1946 1177 1994 haberent
1195 1944 1463 1992 facultatem.

172 2013 260 2062 Cui
276 2031 471 2078 unquam
499 2016 722 2065 morituro
743 2035 837 2065 non
860 2019 921 2067 est
939 2020 1137 2067 reliEtum
1157 2056 1170 2076 ,
1198 2035 1286 2084 qua
1309 2035 1462 2081 geme-

172 2089 274 2137 ret?
296 2089 467 2146 timuit,
500 2109 556 2140 ne
587 2109 718 2156 quam
750 2093 1004 2143 liberiorem
1041 2113 1206 2144 vocem
1241 2106 1463 2143 extremus

175 2163 308 2212 dolor
327 2165 519 2214 mitteret
540 2184 626 2214 :ne
646 2168 753 2231 quid
770 2203 784 2226 ,
813 2172 936 2234 quod
957 2173 1094 2220 nollet
1107 2206 1122 2229 ,
1144 2171 1326 2220 audiret.
1356 2167 1463 2217 scie-

173 2238 248 2284 bat
266 2251 412 2286 autem
432 2240 767 2291 innumerabilia
793 2247 908 2303 effe,
938 2264 1050 2312 quae
1076 2248 1272 2294 obiicere
1299 2246 1359 2293 illi
1386 2254 1465 2292 ned

174 2326 279 2368 mo,
298 2313 375 2358 nifi
395 2315 636 2375 periturus,
661 2319 855 2367 auderet.
884 2321 1002 2368 Cum
1030 2321 1238 2384 spongiae
1265 2336 1358 2367 non
1388 2319 1465 2366 in-

175 2384 456 2443 venirentur,
492 2389 627 2436 scindi
656 2391 917 2440 vestimenta
945 2394 1241 2453 miserorum,
1264 2405 1309 2442 et
1340 2395 1391 2442 in
1411 2412 1466 2444 os

173 2457 322 2510 sarciri
339 2478 508 2526 pannos
527 2463 775 2529 imperavit.
794 2469 925 2530 Quae
942 2467 1018 2518 ista
1034 2467 1215 2518 saevitia
1231 2468 1320 2517 est?
1339 2468 1468 2521 liceat

1141 2536 1172 2580 F
1206 2552 1233 2600 3
