1741 2919
306 150 396 211 184
562 151 612 199 ις
662 149 957 199 ANNAEI
1004 153 1360 203 SENECAE

299 258 532 314 Tiberium
563 257 734 318 filium,
765 259 889 307 cuius
918 260 1053 324 pietas
1084 261 1326 318 efficiebat,
1355 277 1403 309 ut
1436 261 1482 310 in
1509 261 1586 311 illo

298 333 464 378 acerbo
491 344 535 379 et
561 331 726 378 defleto
745 333 945 395 gentibus
964 332 1140 389 funere,
1162 334 1270 380 nihil
1296 334 1372 380 fibi
1399 335 1475 381 nifi
1503 354 1584 382 nu-

298 420 471 449 merum
502 403 644 450 deesse
678 404 867 451 sentiret.
894 405 980 451 Hic
999 441 1013 464 ,
1049 422 1098 452 ut
1128 406 1319 468 opinor,
1356 406 1495 454 aditus
1524 407 1587 453 illi

297 476 405 533 suit,
436 476 525 522 hoc
557 468 828 539 principium
853 478 971 539 apud
999 477 1209 524 feminam
1236 477 1462 541 opinionis
1489 476 1587 524 suae

297 549 528 597 custodem
560 550 952 619 diligentissimam!

363 623 516 686 Usque
538 622 582 668 in
605 623 722 670 hunc
747 623 1052 704 dissfssLiViffi(
1066 639 1277 688 quantum
1299 624 1480 689 quidem
1499 641 1587 689 ego

298 696 431 743 sciam
445 733 458 754 ‚
478 696 668 744 affiduus
687 696 773 744 'viri
793 710 857 743 tu1
878 713 1031 744 comes
1049 733 1062 756 ,
1089 699 1160 745 cui
1179 715 1269 746 non
1284 710 1457 746 tantum
1474 715 1588 763 quae

298 768 344 814 in
366 768 591 830 publicum
609 767 895 823 emittuntur,
917 782 1022 815 nota
1050 769 1147 816 sunt
1162 806 1177 827 ,
1195 770 1269 817 sed
1296 786 1450 818 omnes
1473 787 1586 834 quo-

298 858 385 903 que
405 841 661 887 secretiores
678 840 927 887 animorum
957 841 1205 889 vestrorum
1226 856 1375 890 motus
1391 844 1412 907 )
1431 842 1586 891 dedisti

297 929 481 974 operam
514 928 568 958 ne
590 912 697 975 quid
724 912 852 968 effer,
879 915 1002 976 quod
1023 913 1069 960 in
1098 928 1141 961 te
1173 914 1404 979 quisquam
1433 931 1584 979 repre·

299 986 523 1033 henderet.
556 987 651 1032 Nec
673 986 718 1031 id
743 985 787 1030 in
809 985 1048 1033 maioribus
1069 989 1209 1033 modo
1227 987 1489 1046 observasti,
1513 988 1587 1035 sed

299 1059 344 1105 in
368 1058 586 1116 minimis,
606 1076 660 1106 ne
681 1059 786 1122 quid
805 1058 992 1116 faceres,
1013 1060 1085 1106 cui
1106 1059 1270 1106 famam
1285 1097 1298 1117 ‚
1319 1061 1587 1107 liberrimam

297 1131 550 1194 principum
570 1133 764 1179 iudicem
782 1167 796 1189 ,
815 1132 950 1179 velles
969 1132 1207 1196 ignoscere.
1228 1135 1325 1180 Nec
1343 1133 1586 1197 quidquam

298 1205 525 1269 pulchrius
545 1206 749 1252 existimo
771 1206 812 1251 in
834 1204 1006 1269 fastigio
1032 1204 1286 1263 collocatis,
1312 1223 1444 1270 quam
1472 1208 1588 1254 mul-

297 1293 440 1327 tarum
463 1297 608 1326 rerum
635 1279 810 1325 veniam
830 1278 933 1323 dare
950 1314 962 1334 ,
981 1278 1139 1324 nullius
1158 1292 1319 1341 petere.
1342 1279 1590 1326 Servandus

298 1357 447 1417 itaque
471 1353 551 1400 tibi
568 1353 614 1400 in
634 1353 713 1398 hac
733 1369 780 1398 re
805 1367 904 1399 tuus
930 1368 1028 1398 mos
1055 1351 1145 1410 est,
1167 1370 1220 1399 ne
1239 1353 1348 1416 quid
1377 1352 1590 1399 commit·

300 1442 363 1476 tas
380 1463 392 1483 ‚
413 1427 536 1489 quod
565 1425 707 1471 minus
730 1425 911 1471 aliterve
932 1424 1094 1471 fa&um
1117 1425 1242 1473 velis.

366 1504 425 1547 V.
463 1498 640 1547 Deinde
673 1514 757 1545 oro
793 1512 927 1561 atque
959 1498 1176 1554 obsecro,
1207 1515 1262 1544 ne
1289 1511 1334 1545 te
1366 1497 1587 1545 difficilem

300 1575 453 1621 amicis
472 1584 516 1618 et
536 1570 851 1617 intrafilabilem
882 1569 1080 1632 praesteS.
1117 1571 1223 1617 Non
1249 1571 1310 1618 est
1327 1570 1444 1617 enim
1464 1571 1588 1634 quod

300 1650 481 1713 ignores
520 1661 675 1691 omnes
706 1645 788 1690 hos
818 1644 979 1692 nescire
1018 1645 1401 1709 quemadmodum
1436 1644 1476 1691 se
1507 1662 1586 1708 ge·-

300 1737 426 1769 rant:
453 1719 690 1782 loquantur
705 1718 871 1781 aliquid
899 1734 1049 1764 coram
1077 1731 1121 1765 te
1149 1718 1204 1764 de
1225 1717 1407 1774 Druso,
1437 1735 1489 1764 an
1523 1717 1589 1764 ni-

301 1796 361 1842 hil
381 1812 390 1840 :
413 1810 465 1839 ne
491 1804 564 1838 aut
585 1790 760 1839 oblivio
785 1790 1004 1837 clarissimi
1028 1791 1202 1838 iuvenis
1226 1790 1288 1837 illi
1317 1790 1446 1838 faciat
1472 1791 1590 1838 iniu-

301 1868 440 1921 riam,
466 1878 538 1912 aut
557 1865 727 1911 mentio
750 1864 845 1910 tibi.
874 1864 988 1910 Cum
1023 1863 1290 1921 secessimus,
1316 1879 1359 1910 et
1378 1864 1423 1909 in
1450 1881 1586 1910 unum

301 1943 595 1993 convenimus
617 1974 629 1996 ,
662 1939 770 1986 saCta
797 1940 888 1986 eius
914 1939 1112 2002 &Ciaque
1141 1952 1307 2003 quanto
1336 1937 1494 1985 meruit
1515 1937 1585 1983 su—

297 2017 448 2080 spefi‘ru
466 2015 763 2062 celebramus:
795 2030 944 2061 coram
965 2024 1008 2060 te
1036 2013 1169 2060 altum
1200 2012 1330 2059 nobis
1359 2011 1413 2057 de
1432 2010 1510 2056 illo
1531 2008 1588 2055 si-

298 2091 484 2139 {entium
511 2088 587 2136 est.
615 2089 751 2134 Cares
769 2089 918 2150 itaque
939 2085 1127 2133 maxima
1145 2084 1372 2147 voluptate
1388 2119 1401 2139 ‚
1424 2081 1500 2127 filii
1519 2081 1588 2128 tui

301 2163 523 2219 laudibus,
538 2178 646 2225 quas
660 2177 752 2206 non
772 2160 929 2207 dubito
943 2158 1049 2221 quin
1064 2157 1135 2204 vel
1151 2156 1379 2229 impendio
1397 2155 1514 2203 vitae
1527 2189 1542 2210 ,
1555 2154 1587 2200 fi

301 2236 491 2299 potestas
511 2236 661 2291 detur,
680 2233 725 2279 in
738 2248 897 2279 aevum
912 2247 1045 2278 omne
1065 2230 1118 2277 sis
1134 2240 1442 2292 prorogatura.
1463 2227 1589 2287 Qua-

302 2329 350 2359 re
372 2326 547 2374 patere,
573 2311 715 2357 immo
743 2307 904 2355 arceffe
930 2306 1183 2360 sermones,
1209 2304 1368 2368 quibus
1386 2301 1456 2349 ille
1484 2318 1587 2348 nar·-

301 2397 447 2436 retur‚
469 2396 512 2430 et
532 2397 700 2445 apertas
719 2397 843 2428 aures
865 2380 1025 2443 praebe
1039 2379 1094 2425 ad
1116 2394 1281 2424 nomen
1301 2375 1589 2423 memoriam-

300 2469 388 2518 que
409 2452 487 2502 filii
505 2454 571 2502 tui
592 2471 603 2501 ε
629 2469 711 2501 nec
730 2453 819 2500 hoc
842 2468 979 2516 grave
1000 2450 1195 2508 duxeriS,
1216 2462 1469 2500 ceterorum
1488 2463 1588 2501 mov
