1741 2919
465 164 569 212 DE
620 165 753 212 IRA
807 163 945 210 ΜΒ.
995 164 1098 210 111.
1373 158 1437 223 89

213 271 379 320 XXIII.
398 274 505 320 Non
524 273 671 320 habuit
689 273 776 319 hoc
796 270 966 319 avitum
987 270 1059 317 ille
1077 269 1239 318 vitium
1256 304 1270 327 ,
1286 285 1342 315 ne
1360 285 1438 331 pa-

146 355 319 392 ternum
347 346 539 409 quidem.
573 347 690 391 Nam
718 345 747 390 si
772 361 857 408 qua
878 344 959 390 alia
975 344 1019 389 in
1041 342 1245 405 Philippo
1262 341 1403 389 virtus
1423 373 1440 395 ,

148 416 233 465 fuit
259 431 301 465 et
333 417 697 466 contumeliarum
730 417 966 480 patientia,
988 417 1140 480 ingens
1170 415 1440 462 instrumen-

147 502 242 538 tum
263 493 317 539 ad
337 488 512 539 tutelam
534 493 670 555 regni.
690 493 995 540 Demochares
1013 492 1066 539 ad
1086 491 1209 537 illum
1223 527 1236 548 ,
1256 489 1440 536 Parrhe-

146 566 288 614 fiastes
312 568 372 613 ob
404 566 583 613 nimiam
616 579 659 613 et
688 583 924 629 procacem
951 565 1145 630 linguam
1172 563 1442 628 appellatus,

147 639 260 688 inter
287 641 395 687 alios
419 639 743 687 Atheniensium
764 640 931 703 legatos
955 649 1151 687 venerat.
1194 638 1342 685 audita
1360 638 1442 685 be-

148 712 280 776 nigne
314 713 556 776 legatione,
591 711 818 775 Philippus
839 747 852 770 ,
886 712 1039 758 Dicite
1057 747 1068 768 ‚
1095 711 1267 775 inquit,
1302 710 1444 767 mihi,

147 787 290 834 facere
308 787 414 852 quid
433 786 633 851 possum,
666 787 790 851 quod
806 786 856 834 slt
870 786 1207 834 Atheniensibus
1237 785 1442 849 gratum?

139 861 334 924 Excepit
367 861 699 908 Demochares:
731 861 798 906 Te
817 860 1036 924 ,inquit,
1056 859 1329 924 suspendere.
1365 861 1443 906 In-

147 936 348 999 dignatio
367 935 673 982 circumstanti·
666 954 738 983 um
764 935 818 982 ad
839 947 926 983 tam
947 937 1236 984 inhumanum
1258 935 1444 998 respon-

147 1009 242 1056 sum
262 1021 415 1056 exorta
435 1007 519 1055 est:
539 1025 651 1071 quos
673 1008 898 1072 Philippus
920 1008 1216 1056 conticescere
1235 1007 1376 1066 iuffit,
1397 1017 1443 1054 et

146 1081 390 1131 Thersitam
413 1081 533 1128 illum
555 1081 722 1128 salvum
743 1080 1102 1144 incolumemque
1123 1079 1355 1127 dimittere.
1383 1082 1441 1126 At

113 1172 258 1212 Alos,
293 1154 435 1219 inquit
454 1191 467 1212 ,
497 1155 630 1203 ceteri
661 1154 819 1219 legati,
852 1154 1045 1201 nuntiate
1076 1154 1442 1211 Atheniensibus,

146 1229 292 1276 multo
327 1228 604 1291 superbiores
636 1227 719 1275 effe
739 1264 750 1285 ,
773 1227 851 1290 qui
880 1227 957 1274 ista
985 1228 1165 1286 dicunt,
1198 1245 1330 1290 quam
1361 1230 1442 1292 qui

145 1300 327 1364 impune
347 1301 458 1348 dista
480 1300 674 1347 audiunt.
695 1301 834 1347 Multa
857 1316 900 1348 et
919 1300 1051 1349 divus
1066 1299 1290 1363 Augustus
1311 1300 1441 1365 digna

145 1371 362 1420 memoria
376 1371 508 1428 fecit,
527 1371 726 1435 dixitque
747 1390 757 1418 :
776 1389 829 1418 ex
845 1371 1002 1434 quibus
1023 1387 1229 1433 appareat
1249 1372 1309 1418 illi
1326 1372 1439 1421 iram

145 1461 239 1493 non
251 1444 491 1508 imperasse.
504 1444 769 1508 Timagenes
786 1443 1064 1491 historiarum
1078 1443 1288 1506 scriptor,
1306 1462 1441 1508 quae-

147 1519 249 1568 dam
271 1519 317 1566 in
334 1519 502 1583 ipsum,
523 1519 736 1583 quaedam
754 1518 800 1565 in
819 1535 1004 1565 uxorem
1025 1517 1117 1564 eius
1135 1552 1149 1573 ,
1172 1532 1216 1564 et
1232 1517 1275 1564 in
1298 1529 1440 1567 totam

146 1594 333 1641 domum
364 1592 564 1650 dixerat,
602 1608 683 1638 nec
716 1590 967 1654 perdiderat
997 1589 1126 1637 dieta.
1155 1589 1291 1654 magis
1318 1591 1440 1642 enim

146 1664 481 1723 circumfertur,
504 1676 546 1711 et
565 1664 610 1710 in
630 1681 709 1711 ore
726 1663 961 1710 hominum
981 1663 1042 1710 est
1058 1699 1072 1722 ‚
1106 1664 1335 1711 temeraria
1364 1683 1439 1712 ur-

145 1740 325 1788 banitas.
352 1740 488 1801 Saepe
513 1737 638 1784 illum
670 1738 830 1785 Caesar
858 1738 1135 1797 monuit,'ut
1165 1739 1438 1788 moderatius

144 1813 292 1877 lingua
315 1824 541 1858 uteretur:
567 1810 893 1874 perseveranti,
926 1813 1067 1860 domo
1088 1812 1163 1859 sua
1193 1812 1438 1862 interdixit.

144 1885 300 1934 Postea
332 1883 597 1948 Timagenes
626 1884 671 1931 in
710 1885 1005 1933 contubernio
1048 1886 1263 1933 Pollionis
1298 1885 1435 1935 Asinii

144 1957 397 2015 consenuit,
413 1975 465 2004 ac
484 1971 576 2004 tota
595 1958 775 2004 civitate
799 1959 995 2022 direptus
1012 1959 1087 2007 est.
1115 1959 1279 2006 nullum
1298 1959 1360 2005 illi
1376 1959 1435 2009 li-

144 2049 247 2078 men
266 2030 486 2093 praeclusa
506 2031 699 2077 Caesaris
717 2032 879 2078 domus
901 2032 1088 2080 abstulit.
1108 2032 1324 2080 Historias
1349 2046 1435 2096 poi

144 2105 229 2151 stea
254 2120 362 2168 quas
393 2104 641 2164 scripserat,
673 2104 902 2163 recitavit,
930 2118 974 2153 et
1006 2105 1274 2165 combuffit,
1307 2117 1351 2153 et
1379 2106 1433 2154 li-'

140 2178 249 2225 bros
265 2178 354 2224 asta
373 2177 567 2223 Caesaris
599 2177 781 2240 Augusti
809 2178 1086 2227 continentes
1113 2178 1159 2225 in
1182 2179 1328 2242 ignem
1346 2191 1433 2242 ρο·-ι

141 2248 238 2296 suit.
264 2249 514 2297 Inimicitias
533 2250 657 2314 geffit
687 2267 789 2298 cum
810 2252 1005 2299 Caesare.
1038 2268 1173 2299 nemo
1193 2251 1433 2301 amicitiam

136 2321 232 2368 eius
260 2323 467 2370 extimuit
485 2360 498 2381 ,
527 2340 662 2386 nemo
693 2324 811 2388 quasi
840 2324 1098 2389 fulguritum
1130 2323 1322 2388 refugit:
1342 2324 1431 2374 fuit

134 2392 212 2455 qui
231 2394 459 2455 praeberet
481 2408 569 2443 tam
591 2396 674 2443 alte
699 2398 871 2445 cadenti
895 2399 1050 2446 finum.
1075 2395 1200 2444 Tulit
1230 2398 1345 2456 hoc,
1378 2411 1429 2446 ut

130 2465 248 2525 dixi,
279 2467 437 2515 Caesar
455 2469 699 2533 patienter,
726 2487 782 2519 ne
808 2487 867 2519 eo
893 2471 1075 2536 quidem
1106 2482 1282 2532 motus,
1301 2471 1425 2537 quod
