1741 2919
353 160 1001 213 CONSOLATIO'AD
1038 161 1253 208 HELV.
1375 175 1466 221 119

182 322 183 325 ,
240 275 320 323 VI.
358 275 554 321 Remoto
586 271 718 336 igitur
751 270 922 317 iudicio
949 269 1175 333 plurium,
1221 284 1336 332 quos
1368 267 1464 330 pri·

176 366 246 396 ma
267 365 413 395 rerum
443 347 603 405 facies,
633 360 857 408 utcunque
888 345 1050 391 credita
1081 344 1170 400 est,
1193 342 1364 399 aufert,
1393 341 1465 387 vi-

175 423 356 471 deamus
382 421 490 483 quid
513 420 562 466 sit
592 418 800 466 exfilium.
842 435 1029 481 nempe,
1049 418 1138 466 loci
1171 414 1466 477 con-limitatio

175 495 249 543 est.
288 493 532 558 *Angustare
561 509 616 539 ne
641 490 873 539 videamur
893 491 986 538 vim
1022 491 1141 548 eius,
1175 505 1218 538 et
1246 488 1468 553 quidquid
1533 536 1535 539 Α

175 568 404 631 peffimum
433 568 478 612 in
496 566 538 613 se
564 566 696 612 habet
713 601 727 622 ,
752 565 1002 611 subtrahere
1025 583 1035 610 :
1068 565 1179 611 banc
1209 576 1464 610 commuta-

177 644 343 688 tionem
365 639 454 686 loci
476 640 715 702 sequuntur
740 636 1028 684 incommoda
1049 673 1063 696 ,
1098 648 1328 700 paupertas
1345 672 1358 693 ,
1394 635 1465 698 ig-

175 714 397 773 nominia,
417 725 680 761 contemtus.
695 711 920 760 Adversus
938 712 1014 758 ista
1034 711 1182 775 postea
1201 710 1465 774 confligam:

173 788 347 836 interim
371 788 563 849 primum
584 786 689 834 illud
709 787 869 833 intueri
887 786 998 832 volo
1020 821 1034 842 ,
1063 785 1170 848 quid
1189 783 1334 831 acerbi
1355 782 1464 830 affe*

172 873 238 907 rat
257 859 345 922 ipsa
365 858 455 905 loci
476 858 782 916 commutatio.
808 858 971 905 Carere
994 857 1158 920 patria,
1185 854 1466 904 intolerabile

173 932 250 980 est.
283 931 441 995 Aspice
478 931 667 995 agedum
701 932 813 978 hanc
843 930 1166 994 frequentiam,
1192 929 1265 976 cui
1287 930 1361 976 vix
1389 945 1466 976 ur-

172 1009 240 1057 his
257 1006 494 1058 immensae
524 1009 636 1056 testa
661 1007 892 1055 sufficiunt.
916 1006 1110 1053 maxima
1131 1022 1226 1067 pars
1245 1005 1356 1051 illius
1372 1017 1467 1053 tur-

172 1082 252 1128 bae
278 1081 419 1144 patria
441 1095 560 1129 caret
581 1099 592 1127 :
613 1098 668 1126 ex
699 1080 948 1141 municipiis
980 1095 1023 1127 et
1054 1078 1243 1126 coloniis
1269 1077 1384 1134 suis,
1412 1092 1465 1123 ex

172 1166 272 1201 toto
295 1153 484 1218 denique
514 1154 623 1201 orbe
644 1169 857 1205 terrarum
883 1152 1210 1200 confluxerunt.
1237 1152 1362 1198 Alios
1387 1151 1467 1198 ad-

174 1227 296 1275 ducit
325 1227 543 1285 ambitio,
570 1228 681 1275 alios
714 1228 938 1275 ncceffitas
965 1228 1102 1275 officii
1139 1227 1329 1290 publici,
1356 1227 1468 1274 alios

173 1299 602 1363 impofitarlegatio,
635 1299 744 1347 alios
783 1301 982 1359 luxuria,
1014 1300 1276 1364 opulentum
1308 1313 1351 1347 et
1382 1317 1467 1363 op-

173 1389 419 1438 portunum
451 1374 571 1422 vitiis
604 1374 752 1422 locum
790 1392 1003 1439 quaerens
1034 1394 1043 1422 :
1078 1376 1184 1424 alios
1221 1376 1466 1424 liberalium

174 1447 425 1495 studiorum
439 1449 658 1511 cupiditas
669 1485 682 1506 ‚
699 1448 806 1496 alios
822 1449 845 1495 s
840 1450 1058 1512 {metanda
1073 1469 1082 1496 ε
1100 1451 1315 1513 quosdam
1333 1451 1466 1499 traxit

173 1523 389 1580 amicitia,
406 1522 624 1586 quosdam
649 1522 860 1571 industria
877 1561 890 1581 ‚
907 1526 1036 1572 latam
1058 1525 1354 1573 ostendendae
1372 1525 1466 1573 vir·

176 1597 258 1645 tuti
286 1597 410 1643 naEta
437 1597 663 1644 materiam
692 1615 702 1643 :
731 1597 910 1660 quidam
936 1599 1135 1646 venalem
1171 1598 1362 1646 foi-mam
1401 1613 1467 1648 at·

176 1671 392 1726 tulerunt,
412 1670 590 1734 quidam
613 1671 815 1719 venalem
845 1670 1159 1736 eloquentiam.
1175 1674 1356 1721 Nullum
1373 1690 1467 1721 non

175 1742 411 1791 hominum
441 1758 576 1806 genus
605 1743 834 1790 concurrit
865 1743 910 1789 in
944 1744 1098 1791 urbem
1119 1779 1134 1804 ,
1163 1758 1206 1792 et
1231 1746 1468 1794 virtutibus

175 1827 222 1864 et
250 1815 368 1864 vitiis
393 1832 548 1879 magna
580 1817 719 1878 pretia
751 1829 1007 1880 ponentem.
1042 1819 1149 1866 Iube
1178 1836 1335 1879 omnes
1364 1820 1469 1868 istos

176 1891 233 1938 ad
261 1907 428 1937 nomen
449 1889 596 1947 citari,
616 1901 681 1948 et,
702 1891 835 1938 Unde
863 1891 1004 1938 domo
1021 1893 1210 1956 quisque
1236 1894 1309 1951 fit,
1334 1911 1470 1957 quae-

178 1979 228 2011 re
253 1980 266 2010 :
292 1962 465 2011 videbis
498 1963 714 2009 maiorem
740 1976 909 2026 partem
942 1965 1049 2022 effe,
1076 1983 1187 2029 quae
1218 1967 1378 2014 reli&{s
1403 1967 1470 2026 se-

178 2037 306 2085 dibus
326 2036 437 2095 suis,
457 2036 629 2084 venerit
658 2037 702 2083 in
724 2038 963 2084 maximam
987 2038 1166 2102 quidem
1193 2057 1241 2086 ac
1264 2041 1470 2102 pulcher-

176 2111 336 2158 rimam
361 2111 515 2158 urbem
532 2146 545 2168 ,
565 2127 656 2157 non
684 2123 830 2159 tamen
857 2111 992 2159 suam.
1022 2112 1200 2160 Deinde
1230 2114 1283 2160 ab
1303 2114 1384 2162 hac
1405 2114 1472 2162 ci-

177 2184 316 2232 vitate
345 2184 545 2243 discede,
580 2201 690 2248 quae
725 2186 846 2232 velut
876 2185 1127 2234 communis
1156 2185 1293 2250 patria
1325 2187 1470 2250 potest

178 2258 269 2305 dici
290 2276 300 2304 ε
322 2275 479 2306 omnes·
507 2259 635 2306 urbes
657 2260 854 2309 circumi.
883 2262 998 2308 nulla
1026 2278 1118 2308 non
1143 2278 1344 2325 magnam
1368 2279 1473 2325 par-

178 2344 270 2379 tem
296 2332 553 2396 peregrinae
588 2334 878 2383 multitudinis
914 2336 1058 2383 habet.
1096 2337 1229 2384 Nunc
1260 2336 1388 2382 transt
1415 2337 1471 2384 ab

177 2404 231 2452 iis
246 2440 259 2462 ‚
278 2421 463 2468 quarum
485 2422 672 2454 amoena
694 2407 856 2469 positio
873 2444 887 2466 ‚
919 2424 963 2456 et
981 2410 1291 2472 opportunitas
1320 2409 1470 2474 regio-

179 2477 247 2526 nis
275 2477 423 2541 plures
448 2477 582 2529 allicit
609 2496 620 2527 :
644 2479 811 2531 deserta
841 2481 970 2542 loca,
999 2493 1042 2530 et
1066 2481 1322 2595 affierrimas
1349 2482 1472 2540 insuz

1185 2565 1217 2609 4
