1741 2919
280 149 372 196 304
432 176 434 179 ,
472 132 518 176 L.
553 128 697 174 ANN.
734 129 860 173 SEN.
900 127 982 172 DE
1009 127 1224 173 CONST.
1246 128 1363 173 SAP.

282 254 324 288 et
351 254 497 287 cetera
523 234 930 293 dehonestamenta,
958 235 1077 282 velut
1102 235 1341 283 clamorem
1370 233 1560 281 hostium

282 313 391 359 ferat
408 347 421 369 ,
445 322 488 357 et
516 310 755 374 longinqua
787 309 867 356 tela
885 340 900 365 ‚
934 320 978 355 et
1004 308 1100 355 saxa
1128 308 1216 356 fine
1241 309 1420 356 vulnere
1447 308 1559 356 circa

284 386 425 449 galeas
449 382 716 446 crepitantia.
741 382 919 430 [niurias
934 399 1071 441 vero,
1096 397 1144 430 ut
1165 384 1348 430 vulnera
1362 419 1374 438 ,
1396 383 1476 429 alia
1497 400 1564 429 ar-

285 459 399 515 mis,
433 457 514 503 alia
553 456 721 519 pefilori
759 455 890 502 infixa
910 491 924 515 ‚
955 472 1045 501 non
1080 456 1296 514 deie&u3‚
1333 473 1386 504 ne
1420 469 1566 504 motus

284 531 462 583 quidem
486 529 646 592 gradu,
674 527 887 576 sustineat.
929 529 1106 576 Etiamsi
1138 530 1347 593 premeris
1375 545 1417 578 et
1451 530 1564 578 infe-

285 604 346 650 sta
378 603 426 650 vi
444 602 634 664 urgeris,
668 602 824 648 cedere
857 614 1001 649 tamen
1034 612 1160 665 turpe
1184 602 1276 649 est:
1310 602 1564 665 aflignatum

283 694 306 722 a
330 688 476 721 natura
497 675 646 720 locum
663 684 795 719 tuere.
816 674 1001 734 Quaeris
1019 675 1114 738 quis
1128 674 1199 723 hic
1219 675 1266 722 sit
1286 674 1444 722 locus?
1465 673 1566 723 viri.

284 749 475 813 Sapienti
511 748 627 796 aliud
665 747 875 795 auxilium
913 748 973 795 est
1006 749 1108 796 huic
1142 749 1426 796 contrarium.
1469 748 1566 793 Vos

285 826 403 873 enim
434 840 524 870 rem
559 822 734 887 geritis:
756 822 816 868 illi
836 835 958 885 parta
991 823 1176 871 vi&oria
1203 822 1278 870 est.
1313 824 1382 870 Ne
1411 835 1566 884 repug-

288 912 386 945 nate
418 896 566 943 vestro
601 897 755 953 bono,
787 908 830 941 et
859 896 971 942 hanc
1004 894 1157 957 spem,
1187 894 1291 941 dum
1324 895 1377 940 ad
1409 910 1564 941 verum

286 969 552 1035 pervenitis,
576 968 672 1015 alite
701 967 746 1014 in
771 969 926 1015 animis
949 987 958 1015 :
985 969 1254 1030 libentesque
1280 968 1464 1015 meliora
1489 984 1566 1014 ex-

286 1045 444 1106 cipite,
462 1056 505 1090 et
531 1043 746 1105 opinione
774 1059 823 1090 ac
843 1058 955 1090 voto
976 1042 1137 1090 iuvate.
1171 1042 1267 1089 Effe
1292 1043 1478 1107 aliquem
1498 1041 1566 1087 in-

288 1119 479 1175 mestum,
511 1115 594 1164 effe
625 1116 813 1180 aliquem
844 1117 890 1163 in
918 1133 1047 1180 quem
1076 1116 1180 1164 nihil
1204 1115 1379 1165 fortuna
1409 1114 1567 1180 possit,

290 1212 313 1241 e
343 1193 585 1258 Republica
613 1192 789 1240 humani
815 1191 984 1257 generis
1011 1190 1087 1239 est.
