1741 2919
280 166 336 208 ¹4
535 150 583 195 L.
630 149 927 195 ANP-&Aet
979 150 1336 195 SENECAE

274 257 438 304 suerit:
466 268 513 303 ut
541 256 629 303 irae
659 268 822 303 metum
839 292 852 315 ‚
884 257 1062 304 inertiae
1092 257 1226 316 iram,
1255 253 1407 303 timori
1431 256 1555 320 cupi·

272 328 466 376 ditarem.
727 340 731 341 ⁷
879 366 881 369 .

339 404 398 449 X.
416 400 536 448 Abfit
551 402 639 449 hoc
656 419 680 448 a
699 401 866 449 virtute
882 401 1069 457 malum,
1093 414 1142 447 ut
1161 416 1354 465 unquam
1374 400 1486 448 ratio
1502 403 1556 448 ad

275 475 384 524 vitia
400 473 636 538 confugiat.
667 475 771 519 Non
805 473 944 536 potest
970 473 1041 519 hic
1069 473 1236 521 animus
1263 473 1391 521 fidele
1418 473 1559 520 otium

274 563 431 610 capere
450 564 461 593 ε
486 545 700 609 quatiatur
720 544 888 591 necesse
904 543 964 591 est
979 580 992 603 ‚
1009 543 1324 608 fluffixeturque
1338 581 1350 602 ‚
1376 544 1453 608 qui
1471 562 1562 590 ma-

273 619 326 666 lis
344 619 428 667 suis
452 631 568 666 tutus
590 617 651 664 est
667 654 680 677 ‚
718 618 797 681 qui
817 618 946 664 fortis
972 617 1080 674 effe,
1111 618 1189 663 nifi
1213 618 1441 675 irascitur,
1470 634 1562 664 non

275 689 439 753 potest3
458 689 693 736 industrius
707 721 721 745 ‚
743 689 820 735 nifi
838 689 985 751 cupit;
1013 689 1186 752 quietus
1200 724 1214 747 ‚
1245 689 1320 735 nisi
1340 689 1465 737 timet
1486 708 1496 736 ε
1517 690 1563 736 in

274 765 515 829 tyrannide
538 764 600 811 illi
622 765 867 813 vivendum
895 762 981 820 est,
1012 762 1056 808 in
1075 762 1252 810 alicuius
1277 764 1456 811 affectus
1484 782 1564 812 ve-

277 837 416 884 nienti
445 835 719 884 servitutem.
746 837 850 883 Non
882 835 1016 898 pudet
1041 834 1224 882 virtutes
1249 835 1293 881 in
1321 835 1564 883 clientelam

277 908 494 956 vitiorum
516 908 779 956 demittere?
811 908 989 954 Deinde
1009 907 1162 953 definit
1185 908 1426 972 quidquam
1453 908 1565 954 ratio

276 983 402 1048 poffe
416 1019 430 1041 ‚
450 982 480 1028 fi
507 980 613 1030 nihil
632 984 775 1048 potest
793 983 879 1030 fine
900 982 1053 1029 affeetu
1069 1018 1083 1039 ‚
1106 995 1150 1029 et
1167 982 1321 1045 incipit
1340 1000 1418 1046 par
1436 983 1496 1030 illi
1514 983 1566 1029 si-

277 1057 481 1120 milisque
498 1057 598 1105 effe.
615 1058 739 1118 Quid
759 1057 874 1104 enim
890 1055 1085 1111 interest,
1105 1055 1133 1101 fi
1152 1072 1289 1120 aeque
1303 1056 1480 1104 affectus
1499 1057 1566 1103 in-

279 1130 476 1178 consulta
497 1148 565 1178 res
592 1131 654 1178 est
679 1131 766 1178 fine
784 1131 955 1177 ratione
970 1167 982 1189 ‚
1006 1128 1136 1193 quain
1161 1130 1275 1176 ratio
1297 1129 1385 1176 fine
1412 1129 1565 1178 affectu

278 1204 507 1252 inefficax?
527 1221 604 1268 par
621 1217 854 1267 utrumque
873 1202 957 1261 est,
978 1204 1053 1250 ubi
1078 1202 1162 1250 effe
1181 1203 1363 1249 alterum
1391 1203 1477 1251 fine
1501 1204 1562 1250 al-

278 1292 378 1327 tero
396 1293 487 1324 non
508 1277 662 1340 potest.
699 1277 813 1338 Quis
830 1290 973 1323 autem
998 1275 1197 1322 sustineat
1215 1274 1417 1322 affectum
1440 1293 1565 1322 exae-

279 1350 404 1414 quari
416 1349 573 1396 rationi
589 1350 606 1397 ?
622 1352 686 1396 Ira
697 1386 709 1409 ,
721 1348 885 1413 inquit,
899 1348 1016 1401 utilis
1028 1347 1202 1395 affec‘lus
1217 1347 1277 1394 est
1288 1385 1302 1405 ,
1321 1348 1350 1394 fi
1365 1348 1566 1395 modicus

279 1422 353 1470 est.
374 1426 518 1469 Immo
535 1422 565 1468 fi
596 1435 747 1469 natura
764 1422 881 1469 utilis
898 1421 972 1468 est.
997 1421 1068 1468 sed
1089 1421 1117 1466 fi
1137 1421 1367 1484 impatiens
1391 1421 1564 1484 imperii

280 1497 550 1561 rationisque
568 1496 651 1555 est,
665 1497 754 1544 hoc
771 1497 996 1543 dumtaxat
1010 1494 1315 1542 moderatione
1331 1495 1565 1559 conseque-

282 1583 352 1617 tur
373 1606 386 1627 ‚
420 1583 467 1618 ut
493 1586 584 1634 quo
602 1569 749 1617 minor
768 1567 930 1627 fuerit,
961 1567 1104 1615 minus
1126 1583 1297 1616 noceat.
1323 1572 1441 1632 Ergo
1461 1586 1563 1615 mo-

283 1642 406 1691 dicus
425 1641 603 1689 affectus
629 1641 739 1688 nihil
759 1642 874 1688 aliud
898 1658 1029 1706 quam
1055 1640 1217 1688 malum
1238 1642 1464 1690 modicum
1495 1641 1567 1688 est.

349 1716 428 1762 XI.
454 1715 537 1761 Sed
556 1713 762 1763 adversus
781 1714 948 1770 hostes,
968 1713 1111 1776 inquit
1124 1749 1137 1771 ‚
1159 1714 1390 1762 necessaria
1409 1713 1471 1761 est
1493 1714 1570 1761 ira,

284 1790 511 1852 Nusquam
535 1787 703 1835 minus:
721 1787 798 1835 ubi
819 1805 910 1835 non
936 1787 1094 1835 effusos
1123 1786 1206 1833 effe
1225 1801 1406 1850 oportet
1429 1787 1570 1851 impe-

283 1872 370 1921 tus,
386 1863 458 1909 sed
474 1875 743 1926 temperatos
759 1874 802 1910 et
813 1862 1079 1909 obedientes.
1095 1861 1218 1922 Quid
1229 1862 1348 1908 enim
1365 1860 1425 1908 est
1438 1861 1568 1919 aliud,

285 1936 408 1998 quod
435 1935 649 1982 Barbaros
677 1947 803 1982 tanto
827 1934 1098 1981 robustiores
1123 1934 1416 1997 corporibus,
1447 1947 1570 1981 tanto

288 2008 570 2070 patientiores
588 2008 787 2054 laborum
807 2008 1104 2065 comminuat,
1124 2006 1201 2053 nisi
1221 2007 1284 2052 ira
1303 2006 1569 2053 infestiffima

288 2081 397 2128 fibi?
420 2081 692 2128 Gladiatores
711 2098 888 2145 quoque
906 2097 973 2127 ars
992 2091 1156 2137 tuetur,
1175 2079 1237 2125 ira
1255 2079 1458 2126 denudat.
1476 2081 1570 2126 De·
1622 2127 1625 2130 ,

288 2153 388 2200 inde
407 2153 511 2218 quid
538 2171 653 2217 opus
673 2153 732 2200 est
754 2155 836 2209 ira,
864 2171 963 2200 cum
984 2153 1100 2198 idem
1123 2150 1319 2213 perficiat
1338 2152 1477 2198 ratio?
1501 2144 1578 2197 An*

287 2239 336 2273 tu
361 2241 486 2291 putas
513 2242 770 2277 venatorem
801 2229 922 2275 {rasti
951 2227 1085 2274 stris?
1114 2227 1250 2289 Atqui
1280 2239 1321 2272 et
1347 2225 1573 2272 venientes

288 2301 480 2363 excipit,
507 2315 550 2349 et
579 2301 796 2366 fugientes
816 2302 1092 2364 persequitur
1119 2317 1129 2345 :
1162 2310 1203 2345 et
1223 2297 1372 2343 omnia
1392 2296 1460 2342 illa
1483 2295 1572 2341 fine

289 2374 354 2420 ira
376 2374 483 2422 facit
506 2376 632 2422 rati0.
667 2377 790 2436 Quid
816 2374 1106 2421 Cimbrorum
1122 2409 1134 2429 ‚
1167 2373 1568 2432 Teutonorumque

292 2459 360 2496 tot
378 2448 514 2495 millia
534 2448 758 2512 superfusa
776 2448 956 2513 Alpibus
981 2448 1037 2494 ita
1054 2445 1239 2502 sustulit⁹
1257 2456 1304 2490 ut
1323 2456 1465 2491 tantae
1483 2442 1571 2490 cla-
