1741 2919
316 184 849 244 CONSOLA'TKO
887 195 990 241 AD
1040 195 1269 261 Hem.
1343 211 1432 257 ¹37

141 304 200 352 tia
226 301 286 350 est
307 322 317 350 :
341 318 384 351 et
405 304 528 350 nullo
547 340 560 362 ,
585 303 823 350 inhumana
851 303 1022 349 duritia.
1062 302 1296 365 Optimum
1319 301 1435 348 inter

142 378 349 441 pietatem
378 392 421 425 et
452 378 668 425 rationem
696 388 1095 439 temperamentum
1118 377 1208 433 est,
1233 389 1276 423 et
1300 377 1434 423 senti-

143 467 193 498 re
215 450 477 498 desiderium
492 487 505 506 .‚
523 462 566 496 et
585 448 854 511 opprimere.
874 450 981 495 Non
1001 449 1062 495 est
1083 449 1206 512 quod
1229 449 1282 494 ad
1302 465 1434 511 quas·-

141 524 241 571 dam
265 523 451 572 feminas
472 524 694 586 respicias,
722 540 907 586 quarum
931 523 1149 570 tristitiam
1168 522 1302 569 semel
1323 523 1435 568 sum-

140 606 372 643 tam*mor-s
400 594 558 650 finivit.
587 595 702 642 nosti
728 595 963 658 quasdam,
989 611 1101 658 quae
1128 595 1287 642 amiffis
1310 595 1434 653 filiis,

140 666 343 730 imposita
375 667 573 730 lugubria
593 685 821 715 nunc‘uam
852 680 1081 715 exuerunt.
1112 687 1135 714 a
1156 682 1198 714 te
1219 670 1314 731 plus
1338 671 1435 717 exi-

140 741 204 804 git
232 740 322 788 vita
351 739 405 786 ab
438 740 569 788 initio
595 741 772 789 fortior.
803 758 895 788 non
925 741 1071 804 potest
1103 743 1327 790 muliebris
1353 761 1434 790 ex-

139 813 309 862 cusatio
344 815 600 877 contingere
632 816 701 871 ei,
730 833 754 861 a
785 832 870 877 qua
889 816 1041 862 omnia
1072 814 1178 863 vitia
1204 816 1436 863 muliebria

141 887 390 937 abfuerunt.
428 888 535 943 Non
567 899 608 934 te
638 889 881 935 maximum
909 888 1040 935 seculi
1063 889 1255 945 malum,
1289 889 1438 952 impu-

140 962 318 1018 dicitia,
340 962 387 1007 in
414 978 646 1009 numerum
673 964 863 1026 plurium
894 962 1088 1009 adduxit.
1113 979 1204 1009 non
1230 980 1433 1027 gemmae

138 1046 208 1092 te,
232 1051 323 1081 non
345 1034 602 1097 margaritae
628 1034 846 1082 flexerunt
868 1053 878 1081 ε
902 1052 993 1081 non
1014 1035 1095 1082 tibi
1116 1036 1328 1093 divitiae,
1348 1056 1432 1085 ve-

138 1108 203 1154 lut
228 1108 469 1155 maximum
494 1108 665 1171 generis
693 1109 874 1155 humani
908 1109 1103 1167 bonum,
1133 1109 1429 1159 refulserunt:

139 1198 233 1228 non
265 1195 307 1228 te
337 1180 448 1226 bene
479 1179 526 1226 in
556 1180 732 1242 antiqua
751 1193 793 1226 et
816 1179 965 1228 severa
991 1181 1231 1229 institutam
1261 1183 1432 1240 domo,

140 1252 386 1316 periculosa
421 1253 554 1305 etiam
591 1253 742 1314 probis
775 1254 979 1314 peiorum
1015 1255 1195 1303 detorsit
1225 1255 1432 1303 imitatio.

140 1327 382 1387 Nunquam
402 1335 443 1370 te
461 1324 739 1372 fecunditatis
760 1341 882 1381 tuae,
906 1325 1025 1388 quasi
1053 1328 1344 1389 exprobraret
1368 1346 1435 1376 ae-

141 1409 274 1445 tatem
292 1434 307 1456 ,
327 1399 485 1461 puduit
503 1416 514 1443 :
532 1416 758 1461 nunquam
777 1416 903 1446 more
924 1399 1107 1448 aliarum
1122 1433 1134 1456 ,
1155 1402 1314 1464 quibus
1335 1400 1433 1449 om·

140 1471 209 1525 nis
245 1471 577 1518 commendatio
617 1488 671 1517 ex
699 1470 842 1517 forma
875 1472 1070 1533 petitur,
1115 1471 1432 1520 tumescentem

139 1560 316 1593 uterum
345 1545 633 1604 abscondisti,
660 1544 779 1609 quasi
810 1545 1018 1593 indecens
1046 1563 1194 1603 onus3
1219 1563 1299 1593 nec
1319 1547 1434 1596 intra

141 1608 308 1669 viscera
327 1631 398 1667 tua
422 1632 661 1682 conceptas
679 1620 772 1683 spes
791 1620 1034 1667 liberorum
1060 1620 1215 1669 elifisti.
1241 1623 1347 1668 Non
1370 1622 1433 1667 fa-

142 1694 256 1740 ciem
285 1692 516 1740 lenociniis
541 1710 590 1740 ac
613 1694 840 1740 coloribus
865 1694 1075 1757 polluisti.
1106 1712 1331 1759 nunquam
1353 1695 1435 1743 tibi

141 1766 305 1830 placuit
328 1765 484 1824 vestis,
509 1783 621 1829 quae
647 1766 752 1813 nihil
773 1767 960 1829 amplius
987 1768 1197 1826 nudaret,
1225 1786 1326 1815 cum
1350 1785 1435 1831 po-

142 1852 348 1888 neretur:
371 1840 549 1888 unicum
581 1840 661 1888 tibi
689 1856 1029 1900 ornamentum,
1062 1841 1357 1905 pulcherrima
1388 1856 1436 1890 et
1496 1864 1505 1876 ¹

141 1914 249 1961 nulli
279 1914 475 1961 obnoxia
504 1914 632 1962 aetati
663 1914 834 1972 forma,
867 1916 1110 1963 maximum
1143 1916 1303 1974 decus,
1337 1916 1431 1965 visa

141 1987 204 2037 est
223 1987 445 2050 pudicitia.
474 1988 583 2034 Non
602 2002 729 2051 potes
753 1990 930 2053 itaque,
955 1991 1010 2037 ad
1030 1990 1322 2038 obtinendum
1351 1991 1430 2037 do-

136 2062 305 2121 lorem,
325 2062 537 2109 muliebre
565 2080 730 2110 nomen
751 2066 1060 2126 praetendere,
1079 2083 1136 2112 ex
1158 2082 1252 2129 quo
1276 2079 1320 2113 te
1340 2066 1433 2113 vir-

142 2149 254 2182 tutes
280 2148 377 2183 tuae
398 2135 674 2182 seduxerunt.
705 2151 873 2185 tantum
898 2138 1029 2184 debes
1047 2156 1070 2183 a
1088 2137 1351 2185 feminarum
1372 2139 1436 2185 la-

142 2209 293 2256 crimis
320 2208 462 2256 abesse
476 2241 490 2263 ,
511 2223 722 2272 quantum
743 2228 766 2256 a
787 2211 919 2263 vitiis.
942 2211 1012 2257 Ne
1040 2211 1229 2258 feminae
1249 2211 1432 2275 quidem

144 2295 188 2329 te
218 2283 353 2330 sinent
378 2284 642 2332 intabescere
667 2286 842 2332 vulneri
867 2300 972 2343 tuo,
997 2286 1069 2333 sed
1090 2285 1254 2332 leviori
1282 2284 1436 2333 neces-

147 2358 261 2405 sario
287 2375 494 2408 moerore
514 2361 604 2408 cito
634 2360 882 2408 defunctam
896 2393 910 2416 ,
933 2361 1149 2409 iubebunt
1168 2360 1398 2423 exsurgere
1417 2378 1433 2408 t

145 2431 177 2479 fi
206 2432 343 2477 modo
369 2432 457 2480 illas
487 2434 645 2480 intueri
677 2435 803 2481 voles
835 2433 1049 2493 feminas,
1069 2451 1178 2497 quas
1199 2428 1433 2496 conspecta

149 2505 290 2555 virtus
309 2505 421 2553 inter
441 2523 623 2571 magnos
645 2506 766 2557 viros
783 2506 942 2571 posuit.
960 2506 1220 2556 Corneliam
1237 2523 1294 2556 ex
1311 2508 1432 2561 duos
