<?xml version="1.0" encoding="UTF-8"?>
<!DOCTYPE html PUBLIC "-//W3C//DTD XHTML 1.0 Transitional//EN"
    "http://www.w3.org/TR/xhtml1/DTD/xhtml1-transitional.dtd">
<html xmlns="http://www.w3.org/1999/xhtml" xml:lang="en" lang="en">
 <head>
  <title>
</title>
<meta http-equiv="Content-Type" content="text/html;charset=utf-8" />
  <meta name='ocr-system' content='tesseract 3.04.00' />
  <meta name='ocr-capabilities' content='ocr_page ocr_carea ocr_par ocr_line ocrx_word'/>
</head>
<body>
  <div class='ocr_page' id='page_1' title='image "./lannaeisenecaeph01seneuoft_0120.png"; bbox 0 0 1741 2919; ppageno 0'>
   <div class='ocr_carea' id='block_1_1' title="bbox 472 118 484 138">
    <p class='ocr_par' dir='ltr' id='par_1_1' title="bbox 472 118 484 138">
     <span class='ocr_line' id='line_1_1' title="bbox 472 118 484 138; baseline 0 0"><span class='ocrx_word' id='word_1_1' title='bbox 472 118 484 138; x_wconf 69' lang='grc'><strong><em>7</em></strong></span> 
     </span>
    </p>
   </div>
   <div class='ocr_carea' id='block_1_2' title="bbox 278 142 1354 201">
    <p class='ocr_par' dir='ltr' id='par_1_2' title="bbox 278 142 1354 201">
     <span class='ocr_line' id='line_1_2' title="bbox 278 142 1354 201; baseline 0.005 -17"><span class='ocrx_word' id='word_1_2' title='bbox 278 156 342 201; x_wconf 88' lang='lat'>74</span> <span class='ocrx_word' id='word_1_3' title='bbox 539 142 586 187; x_wconf 87' lang='lat' dir='ltr'>L.</span> <span class='ocrx_word' id='word_1_4' title='bbox 633 143 939 191; x_wconf 83' lang='lat' dir='ltr'>ANNAE1</span> <span class='ocrx_word' id='word_1_5' title='bbox 982 145 1354 194; x_wconf 82' lang='lat' dir='ltr'><strong>SENECAE.</strong></span> 
     </span>
    </p>
   </div>
   <div class='ocr_carea' id='block_1_3' title="bbox 240 245 1565 2152">
    <p class='ocr_par' dir='ltr' id='par_1_3' title="bbox 240 245 1565 1344">
     <span class='ocr_line' id='line_1_3' title="bbox 274 245 1561 320; baseline 0.01 -29"><span class='ocrx_word' id='word_1_6' title='bbox 274 261 389 308; x_wconf 84' lang='lat' dir='ltr'>gere.</span> <span class='ocrx_word' id='word_1_7' title='bbox 405 245 641 309; x_wconf 79' lang='lat' dir='ltr'>Optimum</span> <span class='ocrx_word' id='word_1_8' title='bbox 663 249 901 307; x_wconf 66' lang='lat' dir='ltr'>iudicavit,</span> <span class='ocrx_word' id='word_1_9' title='bbox 920 252 1134 317; x_wconf 87' lang='lat' dir='ltr'>quidquid</span> <span class='ocrx_word' id='word_1_10' title='bbox 1155 255 1346 313; x_wconf 76' lang='lat' dir='ltr'>dixisset,</span> <span class='ocrx_word' id='word_1_11' title='bbox 1359 255 1499 320; x_wconf 85' lang='lat' dir='ltr'>sequi,</span> <span class='ocrx_word' id='word_1_12' title='bbox 1517 269 1561 304; x_wconf 89' lang='lat' dir='ltr'>et</span> 
     </span>
     <span class='ocr_line' id='line_1_4' title="bbox 276 319 1564 387; baseline 0.009 -22"><span class='ocrx_word' id='word_1_13' title='bbox 276 319 482 368; x_wconf 85' lang='lat' dir='ltr'>secundas</span> <span class='ocrx_word' id='word_1_14' title='bbox 511 339 651 385; x_wconf 86' lang='lat' dir='ltr'>agere.</span> <span class='ocrx_word' id='word_1_15' title='bbox 680 326 787 371; x_wconf 87' lang='lat' dir='ltr'>Non</span> <span class='ocrx_word' id='word_1_16' title='bbox 813 327 912 373; x_wconf 80' lang='lat' dir='ltr'>tulit</span> <span class='ocrx_word' id='word_1_17' title='bbox 937 328 1112 374; x_wconf 84' lang='lat' dir='ltr'>Caelius</span> <span class='ocrx_word' id='word_1_18' title='bbox 1141 329 1462 387; x_wconf 64' lang='lat' dir='ltr'>assentientem,</span> <span class='ocrx_word' id='word_1_19' title='bbox 1492 331 1564 377; x_wconf 83' lang='lat' dir='ltr'>sed</span> 
     </span>
     <span class='ocr_line' id='line_1_5' title="bbox 240 394 1563 464; baseline 0.008 -26"><span class='ocrx_word' id='word_1_20' title='bbox 240 398 244 401; x_wconf 86' lang='grc'><em>“</em></span> <span class='ocrx_word' id='word_1_21' title='bbox 274 394 560 442; x_wconf 73' lang='lat' dir='ltr'>exclamavit:</span> <span class='ocrx_word' id='word_1_22' title='bbox 576 398 667 444; x_wconf 91' lang='lat' dir='ltr'>Dic</span> <span class='ocrx_word' id='word_1_23' title='bbox 682 399 849 464; x_wconf 84' lang='lat' dir='ltr'>aliquid</span> <span class='ocrx_word' id='word_1_24' title='bbox 867 414 1019 448; x_wconf 79' lang='lat' dir='ltr'>contra</span> <span class='ocrx_word' id='word_1_25' title='bbox 1031 438 1045 462; x_wconf 84' lang='lat'>‚</span> <span class='ocrx_word' id='word_1_26' title='bbox 1065 417 1114 449; x_wconf 92' lang='lat' dir='ltr'>ut</span> <span class='ocrx_word' id='word_1_27' title='bbox 1127 403 1219 449; x_wconf 88' lang='lat' dir='ltr'>duo</span> <span class='ocrx_word' id='word_1_28' title='bbox 1232 402 1375 451; x_wconf 84' lang='lat' dir='ltr'>fimus.</span> <span class='ocrx_word' id='word_1_29' title='bbox 1391 404 1474 450; x_wconf 87' lang='lat' dir='ltr'>Sed</span> <span class='ocrx_word' id='word_1_30' title='bbox 1492 404 1563 450; x_wconf 86' lang='lat' dir='ltr'>ille</span> 
     </span>
     <span class='ocr_line' id='line_1_6' title="bbox 274 474 1565 535; baseline 0.009 -22"><span class='ocrx_word' id='word_1_31' title='bbox 274 483 478 532; x_wconf 81' lang='lat' dir='ltr'>quoque,</span> <span class='ocrx_word' id='word_1_32' title='bbox 498 474 622 534; x_wconf 88' lang='lat' dir='ltr'>quod</span> <span class='ocrx_word' id='word_1_33' title='bbox 637 490 727 520; x_wconf 85' lang='lat' dir='ltr'>non</span> <span class='ocrx_word' id='word_1_34' title='bbox 746 474 1001 523; x_wconf 80' lang='lat' dir='ltr'>irasceretur</span> <span class='ocrx_word' id='word_1_35' title='bbox 1017 477 1150 524; x_wconf 83' lang='lat' dir='ltr'>iratus</span> <span class='ocrx_word' id='word_1_36' title='bbox 1162 513 1176 535; x_wconf 88' lang='lat'>,</span> <span class='ocrx_word' id='word_1_37' title='bbox 1194 478 1285 524; x_wconf 85' lang='lat' dir='ltr'>cito</span> <span class='ocrx_word' id='word_1_38' title='bbox 1303 477 1391 524; x_wconf 87' lang='lat' dir='ltr'>fine</span> <span class='ocrx_word' id='word_1_39' title='bbox 1411 478 1565 526; x_wconf 84' lang='lat' dir='ltr'>adver-</span> 
     </span>
     <span class='ocr_line' id='line_1_7' title="bbox 275 539 1565 614; baseline 0.009 -28"><span class='ocrx_word' id='word_1_40' title='bbox 275 539 385 586; x_wconf 84' lang='lat' dir='ltr'>sario</span> <span class='ocrx_word' id='word_1_41' title='bbox 408 542 542 590; x_wconf 84' lang='lat' dir='ltr'>defiit.</span> <span class='ocrx_word' id='word_1_42' title='bbox 563 545 779 609; x_wconf 80' lang='lat' dir='ltr'>Eligamus</span> <span class='ocrx_word' id='word_1_43' title='bbox 805 564 913 612; x_wconf 85' lang='lat' dir='ltr'>ergo</span> <span class='ocrx_word' id='word_1_44' title='bbox 935 549 1006 596; x_wconf 82' lang='lat' dir='ltr'>vel</span> <span class='ocrx_word' id='word_1_45' title='bbox 1035 551 1118 598; x_wconf 85' lang='lat' dir='ltr'>hos</span> <span class='ocrx_word' id='word_1_46' title='bbox 1148 551 1318 614; x_wconf 86' lang='lat' dir='ltr'>potius,</span> <span class='ocrx_word' id='word_1_47' title='bbox 1351 550 1379 596; x_wconf 87' lang='lat' dir='ltr'>fi</span> <span class='ocrx_word' id='word_1_48' title='bbox 1400 550 1565 598; x_wconf 85' lang='lat' dir='ltr'>conscii</span> 
     </span>
     <span class='ocr_line' id='line_1_8' title="bbox 275 615 1560 686; baseline 0.009 -26"><span class='ocrx_word' id='word_1_49' title='bbox 275 615 404 663; x_wconf 75' lang='lat' dir='ltr'>nobis</span> <span class='ocrx_word' id='word_1_50' title='bbox 425 616 672 667; x_wconf 74' lang='lat' dir='ltr'>iracundiae</span> <span class='ocrx_word' id='word_1_51' title='bbox 700 620 849 668; x_wconf 80' lang='lat' dir='ltr'>sumus</span> <span class='ocrx_word' id='word_1_52' title='bbox 865 659 877 679; x_wconf 90' lang='lat'>‚</span> <span class='ocrx_word' id='word_1_53' title='bbox 896 623 972 686; x_wconf 85' lang='lat' dir='ltr'>qui</span> <span class='ocrx_word' id='word_1_54' title='bbox 992 624 1162 671; x_wconf 77' lang='lat' dir='ltr'>vultum</span> <span class='ocrx_word' id='word_1_55' title='bbox 1191 624 1385 672; x_wconf 82' lang='lat' dir='ltr'>nostrum</span> <span class='ocrx_word' id='word_1_56' title='bbox 1405 642 1454 672; x_wconf 91' lang='lat' dir='ltr'>ac</span> <span class='ocrx_word' id='word_1_57' title='bbox 1473 624 1560 672; x_wconf 87' lang='lat' dir='ltr'>ser·</span> 
     </span>
     <span class='ocr_line' id='line_1_9' title="bbox 273 695 1560 760; baseline 0.009 -26"><span class='ocrx_word' id='word_1_58' title='bbox 273 705 453 738; x_wconf 80' lang='lat' dir='ltr'>monem</span> <span class='ocrx_word' id='word_1_59' title='bbox 483 695 728 758; x_wconf 78' lang='lat' dir='ltr'>sequantur.</span> <span class='ocrx_word' id='word_1_60' title='bbox 751 695 915 743; x_wconf 78' lang='lat' dir='ltr'>facient</span> <span class='ocrx_word' id='word_1_61' title='bbox 946 697 1123 760; x_wconf 80' lang='lat' dir='ltr'>quidem</span> <span class='ocrx_word' id='word_1_62' title='bbox 1151 715 1232 745; x_wconf 82' lang='lat' dir='ltr'>nos</span> <span class='ocrx_word' id='word_1_63' title='bbox 1254 698 1488 755; x_wconf 80' lang='lat' dir='ltr'>delicatos,</span> <span class='ocrx_word' id='word_1_64' title='bbox 1518 709 1560 745; x_wconf 83' lang='lat' dir='ltr'>et</span> 
     </span>
     <span class='ocr_line' id='line_1_10' title="bbox 273 761 1562 828; baseline 0.007 -20"><span class='ocrx_word' id='word_1_65' title='bbox 273 761 318 808; x_wconf 87' lang='lat' dir='ltr'>in</span> <span class='ocrx_word' id='word_1_66' title='bbox 340 765 496 812; x_wconf 67' lang='lat' dir='ltr'>maiam</span> <span class='ocrx_word' id='word_1_67' title='bbox 528 768 889 815; x_wconf 74' lang='lat' dir='ltr'><strong>consuetudinem</strong></span> <span class='ocrx_word' id='word_1_68' title='bbox 913 769 1150 828; x_wconf 84' lang='lat' dir='ltr'>inducent,</span> <span class='ocrx_word' id='word_1_69' title='bbox 1182 771 1288 817; x_wconf 83' lang='lat' dir='ltr'>nihil</span> <span class='ocrx_word' id='word_1_70' title='bbox 1308 784 1459 817; x_wconf 88' lang='lat' dir='ltr'>contra</span> <span class='ocrx_word' id='word_1_71' title='bbox 1477 787 1562 817; x_wconf 86' lang='lat' dir='ltr'>vo-</span> 
     </span>
     <span class='ocr_line' id='line_1_11' title="bbox 271 835 1562 905; baseline 0.006 -24"><span class='ocrx_word' id='word_1_72' title='bbox 271 835 480 886; x_wconf 82' lang='lat' dir='ltr'>luntatem</span> <span class='ocrx_word' id='word_1_73' title='bbox 499 842 702 888; x_wconf 84' lang='lat' dir='ltr'>audiendi</span> <span class='ocrx_word' id='word_1_74' title='bbox 725 860 735 887; x_wconf 74' lang='lat' dir='ltr'><strong><em>z</em></strong></span> <span class='ocrx_word' id='word_1_75' title='bbox 761 843 829 889; x_wconf 89' lang='lat' dir='ltr'>sed</span> <span class='ocrx_word' id='word_1_76' title='bbox 859 844 1081 905; x_wconf 83' lang='lat' dir='ltr'>proderit,</span> <span class='ocrx_word' id='word_1_77' title='bbox 1112 845 1224 891; x_wconf 81' lang='lat' dir='ltr'>vitio</span> <span class='ocrx_word' id='word_1_78' title='bbox 1254 844 1333 890; x_wconf 90' lang='lat' dir='ltr'>suo</span> <span class='ocrx_word' id='word_1_79' title='bbox 1352 843 1562 890; x_wconf 83' lang='lat' dir='ltr'>interval-</span> 
     </span>
     <span class='ocr_line' id='line_1_12' title="bbox 270 909 1562 977; baseline 0.006 -22"><span class='ocrx_word' id='word_1_80' title='bbox 270 909 361 957; x_wconf 76' lang='lat' dir='ltr'>lum</span> <span class='ocrx_word' id='word_1_81' title='bbox 395 927 438 959; x_wconf 77' lang='lat' dir='ltr'>et</span> <span class='ocrx_word' id='word_1_82' title='bbox 467 915 661 976; x_wconf 60' lang='lat' dir='ltr'>quietern</span> <span class='ocrx_word' id='word_1_83' title='bbox 685 917 801 962; x_wconf 79' lang='lat' dir='ltr'>dare.</span> <span class='ocrx_word' id='word_1_84' title='bbox 829 915 1035 963; x_wconf 74' lang='lat' dir='ltr'>Difficilis</span> <span class='ocrx_word' id='word_1_85' title='bbox 1061 933 1242 977; x_wconf 70' lang='lat' dir='ltr'>quoque</span> <span class='ocrx_word' id='word_1_86' title='bbox 1271 929 1314 962; x_wconf 85' lang='lat' dir='ltr'>et</span> <span class='ocrx_word' id='word_1_87' title='bbox 1345 915 1562 963; x_wconf 87' lang='lat' dir='ltr'>indomita</span> 
     </span>
     <span class='ocr_line' id='line_1_13' title="bbox 265 987 1563 1052; baseline 0.005 -23"><span class='ocrx_word' id='word_1_88' title='bbox 265 996 441 1043; x_wconf 82' lang='lat' dir='ltr'>natura,</span> <span class='ocrx_word' id='word_1_89' title='bbox 459 987 752 1035; x_wconf 72' lang='lat' dir='ltr'>blandientem</span> <span class='ocrx_word' id='word_1_90' title='bbox 770 988 907 1036; x_wconf 84' lang='lat' dir='ltr'>feret:</span> <span class='ocrx_word' id='word_1_91' title='bbox 951 1002 995 1036; x_wconf 73' lang='lat' dir='ltr'>et</span> <span class='ocrx_word' id='word_1_92' title='bbox 1014 988 1120 1036; x_wconf 73' lang='lat' dir='ltr'>nihil</span> <span class='ocrx_word' id='word_1_93' title='bbox 1138 989 1336 1052; x_wconf 84' lang='lat' dir='ltr'>asperum</span> <span class='ocrx_word' id='word_1_94' title='bbox 1355 1001 1563 1037; x_wconf 84' lang='lat' dir='ltr'>taetrum-</span> 
     </span>
     <span class='ocr_line' id='line_1_14' title="bbox 269 1062 1558 1126; baseline 0.004 -23"><span class='ocrx_word' id='word_1_95' title='bbox 269 1075 356 1122; x_wconf 81' lang='lat' dir='ltr'>que</span> <span class='ocrx_word' id='word_1_96' title='bbox 375 1062 564 1123; x_wconf 75' lang='lat' dir='ltr'>palpanti</span> <span class='ocrx_word' id='word_1_97' title='bbox 584 1062 656 1109; x_wconf 82' lang='lat' dir='ltr'>est.</span> <span class='ocrx_word' id='word_1_98' title='bbox 679 1063 901 1123; x_wconf 77' lang='lat' dir='ltr'>Quotiens</span> <span class='ocrx_word' id='word_1_99' title='bbox 921 1063 1160 1124; x_wconf 77' lang='lat' dir='ltr'>disputatio</span> <span class='ocrx_word' id='word_1_100' title='bbox 1185 1063 1363 1125; x_wconf 82' lang='lat' dir='ltr'>longior</span> <span class='ocrx_word' id='word_1_101' title='bbox 1382 1075 1424 1109; x_wconf 90' lang='lat' dir='ltr'>et</span> <span class='ocrx_word' id='word_1_102' title='bbox 1447 1079 1558 1126; x_wconf 86' lang='lat' dir='ltr'>pug-</span> 
     </span>
     <span class='ocr_line' id='line_1_15' title="bbox 270 1130 1560 1200; baseline 0.003 -20"><span class='ocrx_word' id='word_1_103' title='bbox 270 1135 425 1181; x_wconf 81' lang='lat' dir='ltr'>nacior</span> <span class='ocrx_word' id='word_1_104' title='bbox 442 1137 525 1183; x_wconf 80' lang='lat' dir='ltr'>erit</span> <span class='ocrx_word' id='word_1_105' title='bbox 541 1173 553 1193; x_wconf 81' lang='lat'>‚</span> <span class='ocrx_word' id='word_1_106' title='bbox 572 1137 615 1183; x_wconf 89' lang='lat' dir='ltr'>in</span> <span class='ocrx_word' id='word_1_107' title='bbox 632 1139 771 1200; x_wconf 80' lang='lat' dir='ltr'>prima</span> <span class='ocrx_word' id='word_1_108' title='bbox 794 1137 1031 1184; x_wconf 66' lang='lat' dir='ltr'>resistamus</span> <span class='ocrx_word' id='word_1_109' title='bbox 1047 1174 1059 1194; x_wconf 88' lang='lat'>‚</span> <span class='ocrx_word' id='word_1_110' title='bbox 1081 1150 1311 1200; x_wconf 82' lang='lat' dir='ltr'>antequam</span> <span class='ocrx_word' id='word_1_111' title='bbox 1333 1136 1472 1183; x_wconf 82' lang='lat' dir='ltr'>robur</span> <span class='ocrx_word' id='word_1_112' title='bbox 1490 1130 1560 1184; x_wconf 85' lang='lat' dir='ltr'>ac-</span> 
     </span>
     <span class='ocr_line' id='line_1_16' title="bbox 269 1208 1562 1273; baseline 0.002 -18"><span class='ocrx_word' id='word_1_113' title='bbox 269 1208 416 1271; x_wconf 83' lang='lat' dir='ltr'>cipiat.</span> <span class='ocrx_word' id='word_1_114' title='bbox 451 1210 537 1256; x_wconf 75' lang='lat' dir='ltr'>Alit</span> <span class='ocrx_word' id='word_1_115' title='bbox 567 1211 608 1256; x_wconf 82' lang='lat' dir='ltr'>se</span> <span class='ocrx_word' id='word_1_116' title='bbox 635 1211 722 1273; x_wconf 85' lang='lat' dir='ltr'>ipsa</span> <span class='ocrx_word' id='word_1_117' title='bbox 753 1212 1014 1257; x_wconf 78' lang='lat' dir='ltr'>contentio:</span> <span class='ocrx_word' id='word_1_118' title='bbox 1041 1209 1247 1257; x_wconf 79' lang='lat' dir='ltr'>demiffos</span> <span class='ocrx_word' id='word_1_119' title='bbox 1273 1209 1396 1256; x_wconf 78' lang='lat' dir='ltr'>altius</span> <span class='ocrx_word' id='word_1_120' title='bbox 1429 1225 1562 1258; x_wconf 85' lang='lat' dir='ltr'>tenet.</span> 
     </span>
     <span class='ocr_line' id='line_1_17' title="bbox 269 1280 1562 1344; baseline 0.003 -19"><span class='ocrx_word' id='word_1_121' title='bbox 269 1280 452 1326; x_wconf 70' lang='lat' dir='ltr'>Facilius</span> <span class='ocrx_word' id='word_1_122' title='bbox 471 1281 528 1327; x_wconf 81' lang='lat' dir='ltr'>est</span> <span class='ocrx_word' id='word_1_123' title='bbox 550 1281 589 1327; x_wconf 88' lang='lat' dir='ltr'>se</span> <span class='ocrx_word' id='word_1_124' title='bbox 608 1299 630 1327; x_wconf 88' lang='lat' dir='ltr'>a</span> <span class='ocrx_word' id='word_1_125' title='bbox 654 1283 894 1329; x_wconf 74' lang='lat' dir='ltr'><strong>certamine</strong></span> <span class='ocrx_word' id='word_1_126' title='bbox 916 1281 1152 1334; x_wconf 65' lang='lat' dir='ltr'>abstinere,</span> <span class='ocrx_word' id='word_1_127' title='bbox 1180 1299 1312 1344; x_wconf 81' lang='lat' dir='ltr'>quam</span> <span class='ocrx_word' id='word_1_128' title='bbox 1331 1282 1562 1329; x_wconf 80' lang='lat' dir='ltr'>abducere.</span> 
     </span>
    </p>

    <p class='ocr_par' dir='ltr' id='par_1_4' title="bbox 266 1352 1562 2152">
     <span class='ocr_line' id='line_1_18' title="bbox 336 1352 1561 1418; baseline 0.004 -23"><span class='ocrx_word' id='word_1_129' title='bbox 336 1353 413 1397; x_wconf 78' lang='lat' dir='ltr'>1X.</span> <span class='ocrx_word' id='word_1_130' title='bbox 445 1353 592 1399; x_wconf 80' lang='lat' dir='ltr'>Studia</span> <span class='ocrx_word' id='word_1_131' title='bbox 620 1371 800 1418; x_wconf 80' lang='lat' dir='ltr'>quoque</span> <span class='ocrx_word' id='word_1_132' title='bbox 834 1353 1039 1418; x_wconf 82' lang='lat' dir='ltr'>graviora</span> <span class='ocrx_word' id='word_1_133' title='bbox 1066 1352 1284 1400; x_wconf 83' lang='lat' dir='ltr'>iracundis</span> <span class='ocrx_word' id='word_1_134' title='bbox 1317 1353 1561 1400; x_wconf 86' lang='lat' dir='ltr'>omittenda</span> 
     </span>
     <span class='ocr_line' id='line_1_19' title="bbox 268 1427 1561 1484; baseline 0.002 -11"><span class='ocrx_word' id='word_1_135' title='bbox 268 1427 365 1474; x_wconf 81' lang='lat' dir='ltr'>sunt</span> <span class='ocrx_word' id='word_1_136' title='bbox 384 1464 394 1484; x_wconf 89' lang='lat'>‚</span> <span class='ocrx_word' id='word_1_137' title='bbox 417 1439 490 1474; x_wconf 83' lang='lat' dir='ltr'>aut</span> <span class='ocrx_word' id='word_1_138' title='bbox 510 1441 625 1475; x_wconf 84' lang='lat' dir='ltr'>certe</span> <span class='ocrx_word' id='word_1_139' title='bbox 653 1430 758 1476; x_wconf 76' lang='lat' dir='ltr'>citra</span> <span class='ocrx_word' id='word_1_140' title='bbox 790 1429 1084 1477; x_wconf 45' lang='lat' dir='ltr'>{vastitudinem</span> <span class='ocrx_word' id='word_1_141' title='bbox 1105 1429 1345 1475; x_wconf 77' lang='lat' dir='ltr'>exercenda</span> <span class='ocrx_word' id='word_1_142' title='bbox 1365 1445 1374 1473; x_wconf 74' lang='grc' dir='ltr'><strong><em>ε</em></strong></span> <span class='ocrx_word' id='word_1_143' title='bbox 1395 1440 1438 1475; x_wconf 92' lang='lat' dir='ltr'>et</span> <span class='ocrx_word' id='word_1_144' title='bbox 1467 1429 1561 1475; x_wconf 90' lang='lat' dir='ltr'>ani-</span> 
     </span>
     <span class='ocr_line' id='line_1_20' title="bbox 269 1501 1562 1564; baseline 0.004 -19"><span class='ocrx_word' id='word_1_145' title='bbox 269 1517 364 1546; x_wconf 82' lang='lat' dir='ltr'>mus</span> <span class='ocrx_word' id='word_1_146' title='bbox 390 1518 479 1547; x_wconf 83' lang='lat' dir='ltr'>non</span> <span class='ocrx_word' id='word_1_147' title='bbox 508 1501 622 1548; x_wconf 85' lang='lat' dir='ltr'>inter</span> <span class='ocrx_word' id='word_1_148' title='bbox 646 1503 769 1564; x_wconf 85' lang='lat' dir='ltr'>plura</span> <span class='ocrx_word' id='word_1_149' title='bbox 799 1503 1065 1561; x_wconf 84' lang='lat' dir='ltr'>versandus,</span> <span class='ocrx_word' id='word_1_150' title='bbox 1084 1503 1155 1549; x_wconf 87' lang='lat' dir='ltr'>sed</span> <span class='ocrx_word' id='word_1_151' title='bbox 1174 1502 1334 1549; x_wconf 82' lang='lat' dir='ltr'>artibus</span> <span class='ocrx_word' id='word_1_152' title='bbox 1364 1503 1562 1550; x_wconf 79' lang='lat' dir='ltr'>amoenis</span> 
     </span>
     <span class='ocr_line' id='line_1_21' title="bbox 268 1576 1559 1632; baseline 0.002 -11"><span class='ocrx_word' id='word_1_153' title='bbox 268 1576 514 1623; x_wconf 79' lang='lat' dir='ltr'>tradendus.</span> <span class='ocrx_word' id='word_1_154' title='bbox 537 1578 687 1627; x_wconf 50' lang='lat' dir='ltr'>Lectio</span> <span class='ocrx_word' id='word_1_155' title='bbox 708 1579 832 1624; x_wconf 69' lang='lat' dir='ltr'>illum</span> <span class='ocrx_word' id='word_1_156' title='bbox 854 1577 1099 1624; x_wconf 80' lang='lat' dir='ltr'>carminum</span> <span class='ocrx_word' id='word_1_157' title='bbox 1122 1577 1343 1632; x_wconf 77' lang='lat' dir='ltr'>obleniat,</span> <span class='ocrx_word' id='word_1_158' title='bbox 1367 1589 1409 1623; x_wconf 89' lang='lat' dir='ltr'>et</span> <span class='ocrx_word' id='word_1_159' title='bbox 1427 1577 1559 1624; x_wconf 84' lang='lat' dir='ltr'>histo-</span> 
     </span>
     <span class='ocr_line' id='line_1_22' title="bbox 266 1647 1556 1713; baseline 0.002 -19"><span class='ocrx_word' id='word_1_160' title='bbox 266 1648 328 1694; x_wconf 88' lang='lat' dir='ltr'>ria</span> <span class='ocrx_word' id='word_1_161' title='bbox 359 1647 519 1696; x_wconf 79' lang='lat' dir='ltr'>fabulis</span> <span class='ocrx_word' id='word_1_162' title='bbox 544 1650 762 1696; x_wconf 77' lang='lat' dir='ltr'>detineat:</span> <span class='ocrx_word' id='word_1_163' title='bbox 789 1649 969 1696; x_wconf 72' lang='lat' dir='ltr'>mollius</span> <span class='ocrx_word' id='word_1_164' title='bbox 994 1649 1308 1713; x_wconf 72' lang='lat' dir='ltr'>delicatiusque</span> <span class='ocrx_word' id='word_1_165' title='bbox 1336 1650 1556 1697; x_wconf 66' lang='lat' dir='ltr'>tractetur.</span> 
     </span>
     <span class='ocr_line' id='line_1_23' title="bbox 266 1721 1558 1786; baseline 0.002 -20"><span class='ocrx_word' id='word_1_166' title='bbox 266 1721 542 1785; x_wconf 81' lang='lat' dir='ltr'>Pythagoras</span> <span class='ocrx_word' id='word_1_167' title='bbox 576 1723 925 1784; x_wconf 69' lang='lat' dir='ltr'>perturbationes</span> <span class='ocrx_word' id='word_1_168' title='bbox 953 1721 1087 1768; x_wconf 82' lang='lat' dir='ltr'>animi</span> <span class='ocrx_word' id='word_1_169' title='bbox 1118 1721 1219 1786; x_wconf 85' lang='lat' dir='ltr'>lyra</span> <span class='ocrx_word' id='word_1_170' title='bbox 1247 1721 1558 1784; x_wconf 77' lang='lat' dir='ltr'>componebat.</span> 
     </span>
     <span class='ocr_line' id='line_1_24' title="bbox 267 1794 1557 1859; baseline 0.002 -18"><span class='ocrx_word' id='word_1_171' title='bbox 267 1795 365 1857; x_wconf 83' lang='lat' dir='ltr'>quis</span> <span class='ocrx_word' id='word_1_172' title='bbox 379 1807 522 1842; x_wconf 83' lang='lat' dir='ltr'>autem</span> <span class='ocrx_word' id='word_1_173' title='bbox 539 1794 735 1859; x_wconf 75' lang='lat' dir='ltr'>ignorat,</span> <span class='ocrx_word' id='word_1_174' title='bbox 754 1796 885 1843; x_wconf 84' lang='lat' dir='ltr'>lituos</span> <span class='ocrx_word' id='word_1_175' title='bbox 904 1808 946 1843; x_wconf 87' lang='lat' dir='ltr'>et</span> <span class='ocrx_word' id='word_1_176' title='bbox 965 1796 1089 1842; x_wconf 84' lang='lat' dir='ltr'>tubas</span> <span class='ocrx_word' id='word_1_177' title='bbox 1108 1795 1430 1842; x_wconf 84' lang='lat' dir='ltr'>concitamenta</span> <span class='ocrx_word' id='word_1_178' title='bbox 1446 1796 1557 1853; x_wconf 79' lang='lat' dir='ltr'>effe3</span> 
     </span>
     <span class='ocr_line' id='line_1_25' title="bbox 267 1867 1558 1932; baseline 0.001 -17"><span class='ocrx_word' id='word_1_179' title='bbox 267 1867 378 1915; x_wconf 86' lang='lat' dir='ltr'>ficut</span> <span class='ocrx_word' id='word_1_180' title='bbox 403 1870 618 1932; x_wconf 85' lang='lat' dir='ltr'>quosdam</span> <span class='ocrx_word' id='word_1_181' title='bbox 646 1884 796 1916; x_wconf 84' lang='lat' dir='ltr'>cantus</span> <span class='ocrx_word' id='word_1_182' title='bbox 816 1867 1110 1916; x_wconf 85' lang='lat' dir='ltr'>blandimenta</span> <span class='ocrx_word' id='word_1_183' title='bbox 1127 1904 1139 1926; x_wconf 95' lang='lat'>,</span> <span class='ocrx_word' id='word_1_184' title='bbox 1163 1867 1322 1931; x_wconf 86' lang='lat' dir='ltr'>quibus</span> <span class='ocrx_word' id='word_1_185' title='bbox 1339 1885 1462 1922; x_wconf 79' lang='lat' dir='ltr'>mens</span> <span class='ocrx_word' id='word_1_186' title='bbox 1484 1886 1558 1916; x_wconf 90' lang='lat' dir='ltr'>re-</span> 
     </span>
     <span class='ocr_line' id='line_1_26' title="bbox 266 1941 1556 2006; baseline 0.001 -17"><span class='ocrx_word' id='word_1_187' title='bbox 266 1941 492 1991; x_wconf 85' lang='lat' dir='ltr'>solvatur?</span> <span class='ocrx_word' id='word_1_188' title='bbox 509 1943 716 1991; x_wconf 78' lang='lat' dir='ltr'>Confusis</span> <span class='ocrx_word' id='word_1_189' title='bbox 734 1943 874 1991; x_wconf 84' lang='lat' dir='ltr'>oculis</span> <span class='ocrx_word' id='word_1_190' title='bbox 896 1943 1077 2006; x_wconf 76' lang='lat' dir='ltr'>prosunt</span> <span class='ocrx_word' id='word_1_191' title='bbox 1096 1941 1306 2000; x_wconf 83' lang='lat' dir='ltr'>virentia,</span> <span class='ocrx_word' id='word_1_192' title='bbox 1320 1954 1363 1989; x_wconf 90' lang='lat' dir='ltr'>et</span> <span class='ocrx_word' id='word_1_193' title='bbox 1378 1942 1556 2006; x_wconf 88' lang='lat' dir='ltr'>quibus-</span> 
     </span>
     <span class='ocr_line' id='line_1_27' title="bbox 267 2014 1553 2079; baseline -0.002 -15"><span class='ocrx_word' id='word_1_194' title='bbox 267 2017 367 2063; x_wconf 86' lang='lat' dir='ltr'>dam</span> <span class='ocrx_word' id='word_1_195' title='bbox 397 2018 623 2064; x_wconf 82' lang='lat' dir='ltr'>coloribus</span> <span class='ocrx_word' id='word_1_196' title='bbox 644 2016 818 2063; x_wconf 80' lang='lat' dir='ltr'>infirma</span> <span class='ocrx_word' id='word_1_197' title='bbox 844 2016 958 2062; x_wconf 87' lang='lat' dir='ltr'>acies</span> <span class='ocrx_word' id='word_1_198' title='bbox 979 2014 1215 2079; x_wconf 84' lang='lat' dir='ltr'>acquiescit</span> <span class='ocrx_word' id='word_1_199' title='bbox 1231 2049 1243 2070; x_wconf 92' lang='lat'><strong>‚</strong></span> <span class='ocrx_word' id='word_1_200' title='bbox 1275 2014 1553 2077; x_wconf 79' lang='lat' dir='ltr'>quorundam</span> 
     </span>
     <span class='ocr_line' id='line_1_28' title="bbox 267 2084 1557 2152; baseline -0.003 -16"><span class='ocrx_word' id='word_1_201' title='bbox 267 2089 501 2152; x_wconf 83' lang='lat' dir='ltr'>splendore</span> <span class='ocrx_word' id='word_1_202' title='bbox 515 2088 841 2151; x_wconf 71' lang='lat' dir='ltr'>praestringitur</span> <span class='ocrx_word' id='word_1_203' title='bbox 862 2105 874 2132; x_wconf 68' lang='grc' dir='ltr'><strong>ι</strong></span> <span class='ocrx_word' id='word_1_204' title='bbox 893 2087 950 2133; x_wconf 86' lang='lat' dir='ltr'>fic</span> <span class='ocrx_word' id='word_1_205' title='bbox 970 2100 1137 2132; x_wconf 84' lang='lat' dir='ltr'>mentes</span> <span class='ocrx_word' id='word_1_206' title='bbox 1154 2102 1299 2148; x_wconf 78' lang='lat' dir='ltr'>aegras</span> <span class='ocrx_word' id='word_1_207' title='bbox 1316 2084 1453 2132; x_wconf 86' lang='lat' dir='ltr'>studia</span> <span class='ocrx_word' id='word_1_208' title='bbox 1469 2086 1557 2132; x_wconf 90' lang='lat' dir='ltr'>lae-</span> 
     </span>
    </p>
   </div>
   <div class='ocr_carea' id='block_1_4' title="bbox 265 2158 1554 2517">
    <p class='ocr_par' dir='ltr' id='par_1_5' title="bbox 265 2158 1554 2517">
     <span class='ocr_line' id='line_1_29' title="bbox 268 2158 1554 2225; baseline -0.002 -17"><span class='ocrx_word' id='word_1_209' title='bbox 268 2174 309 2208; x_wconf 87' lang='lat' dir='ltr'>ta</span> <span class='ocrx_word' id='word_1_210' title='bbox 339 2162 628 2225; x_wconf 81' lang='lat' dir='ltr'>permulcent.</span> <span class='ocrx_word' id='word_1_211' title='bbox 665 2164 857 2218; x_wconf 83' lang='lat' dir='ltr'>Forum,</span> <span class='ocrx_word' id='word_1_212' title='bbox 888 2159 1207 2207; x_wconf 80' lang='lat' dir='ltr'>advocationes</span> <span class='ocrx_word' id='word_1_213' title='bbox 1225 2194 1238 2216; x_wconf 88' lang='lat'>,</span> <span class='ocrx_word' id='word_1_214' title='bbox 1267 2158 1449 2215; x_wconf 86' lang='lat' dir='ltr'>iudicia,</span> <span class='ocrx_word' id='word_1_215' title='bbox 1480 2158 1554 2206; x_wconf 85' lang='lat' dir='ltr'>fu·-</span> 
     </span>
     <span class='ocr_line' id='line_1_30' title="bbox 268 2231 1554 2299; baseline -0.004 -16"><span class='ocrx_word' id='word_1_216' title='bbox 268 2253 370 2299; x_wconf 81' lang='lat' dir='ltr'>gere</span> <span class='ocrx_word' id='word_1_217' title='bbox 404 2237 612 2282; x_wconf 85' lang='lat' dir='ltr'>debemus</span> <span class='ocrx_word' id='word_1_218' title='bbox 633 2271 647 2293; x_wconf 84' lang='lat'>‚</span> <span class='ocrx_word' id='word_1_219' title='bbox 691 2233 911 2282; x_wconf 71' lang='lat' dir='ltr'>et&#39;omnia</span> <span class='ocrx_word' id='word_1_220' title='bbox 939 2249 1051 2296; x_wconf 76' lang='lat' dir='ltr'>quae</span> <span class='ocrx_word' id='word_1_221' title='bbox 1081 2232 1332 2279; x_wconf 74' lang='lat' dir='ltr'>exulcerant</span> <span class='ocrx_word' id='word_1_222' title='bbox 1360 2231 1520 2278; x_wconf 87' lang='lat' dir='ltr'>vitium</span> <span class='ocrx_word' id='word_1_223' title='bbox 1544 2250 1554 2278; x_wconf 94' lang='lat'>:</span> 
     </span>
     <span class='ocr_line' id='line_1_31' title="bbox 266 2304 1551 2372; baseline -0.003 -18"><span class='ocrx_word' id='word_1_224' title='bbox 266 2324 403 2372; x_wconf 82' lang='lat' dir='ltr'>aeque</span> <span class='ocrx_word' id='word_1_225' title='bbox 421 2325 577 2355; x_wconf 82' lang='lat' dir='ltr'>cavere</span> <span class='ocrx_word' id='word_1_226' title='bbox 595 2307 887 2354; x_wconf 86' lang='lat' dir='ltr'>laffitudinem</span> <span class='ocrx_word' id='word_1_227' title='bbox 915 2304 1130 2368; x_wconf 85' lang='lat' dir='ltr'>corporis.</span> <span class='ocrx_word' id='word_1_228' title='bbox 1166 2304 1383 2351; x_wconf 89' lang='lat' dir='ltr'>consumit</span> <span class='ocrx_word' id='word_1_229' title='bbox 1402 2304 1517 2351; x_wconf 86' lang='lat' dir='ltr'>enim</span> <span class='ocrx_word' id='word_1_230' title='bbox 1537 2339 1551 2362; x_wconf 92' lang='lat'>,</span> 
     </span>
     <span class='ocr_line' id='line_1_32' title="bbox 266 2378 1554 2445; baseline -0.004 -17"><span class='ocrx_word' id='word_1_231' title='bbox 266 2382 485 2445; x_wconf 87' lang='lat' dir='ltr'>quidquid</span> <span class='ocrx_word' id='word_1_232' title='bbox 518 2382 564 2427; x_wconf 89' lang='lat' dir='ltr'>in</span> <span class='ocrx_word' id='word_1_233' title='bbox 595 2382 722 2428; x_wconf 86' lang='lat' dir='ltr'>nobis</span> <span class='ocrx_word' id='word_1_234' title='bbox 754 2381 862 2427; x_wconf 88' lang='lat' dir='ltr'>mite</span> <span class='ocrx_word' id='word_1_235' title='bbox 897 2379 1204 2443; x_wconf 79' lang='lat' dir='ltr'>placidumque</span> <span class='ocrx_word' id='word_1_236' title='bbox 1241 2378 1329 2436; x_wconf 83' lang='lat' dir='ltr'>est,</span> <span class='ocrx_word' id='word_1_237' title='bbox 1363 2391 1407 2426; x_wconf 87' lang='lat' dir='ltr'>et</span> <span class='ocrx_word' id='word_1_238' title='bbox 1437 2378 1554 2424; x_wconf 81' lang='lat' dir='ltr'>acria</span> 
     </span>
     <span class='ocr_line' id='line_1_33' title="bbox 265 2449 1549 2517; baseline -0.005 -15"><span class='ocrx_word' id='word_1_239' title='bbox 265 2455 470 2502; x_wconf 80' lang='lat' dir='ltr'>concitat.</span> <span class='ocrx_word' id='word_1_240' title='bbox 500 2453 605 2501; x_wconf 82' lang='lat' dir='ltr'>Ideo</span> <span class='ocrx_word' id='word_1_241' title='bbox 632 2453 791 2517; x_wconf 81' lang='lat' dir='ltr'>quibus</span> <span class='ocrx_word' id='word_1_242' title='bbox 819 2451 1070 2499; x_wconf 74' lang='lat' dir='ltr'>stomachus</span> <span class='ocrx_word' id='word_1_243' title='bbox 1092 2449 1307 2516; x_wconf 56' lang='lat' dir='ltr'>suspefflxs</span> <span class='ocrx_word' id='word_1_244' title='bbox 1328 2449 1415 2508; x_wconf 72' lang='lat' dir='ltr'>est,</span> <span class='ocrx_word' id='word_1_245' title='bbox 1445 2466 1549 2513; x_wconf 81' lang='lat' dir='ltr'>pro—</span> 
     </span>
    </p>
   </div>
  </div>
 </body>
</html>
