1741 2919
486 159 592 208 DE
638 159 770 207 IRA
816 158 951 208 LIB.
1003 156 1098 206 111:
1361 162 1426 223 69

129 268 208 317 suo
236 267 430 333 primum
456 269 578 318 malo
608 268 806 332 incipere
832 268 850 315 ?
885 268 993 314 Non
1025 267 1093 314 vis
1125 282 1233 331 ergo
1261 267 1423 315 admo-

129 358 256 388 neam
284 359 362 390 eos
383 343 459 406 qui
482 342 593 389 iram
613 341 659 388 in
684 342 851 388 summa
882 341 1081 404 potentia
1112 352 1347 397 exercent,
1380 352 1425 388 et

133 426 441 477 argumentum
475 413 640 461 virium
671 411 951 469 existimant,
976 411 1085 458 etin
1115 412 1283 475 magnis
1302 430 1426 477 mag-

129 502 211 533 nae
230 487 431 534 fortunae
452 485 582 532 bonis
605 496 778 548 ponunt
796 500 992 548 paratam
1014 484 1231 531 ultionem
1247 522 1260 544 ‚
1288 503 1426 551 quam

130 575 224 604 non
248 558 298 606 sit
321 571 506 622 potens,
525 557 668 604 immo
695 574 776 605 nec
796 558 910 604 liber
938 558 1117 621 quidem
1145 558 1232 605 dici
1261 559 1424 622 poffit‚

129 632 219 679 irae
235 634 332 680 suae
348 631 525 695 captus?
541 635 648 678 Non
662 632 731 678 vis
749 632 1013 678 admoneam
1025 667 1039 689 ,
1060 648 1151 694 quo
1167 631 1426 696 diligentior

131 704 319 769 quisque
334 705 411 761 fit,
437 719 481 752 et
499 703 588 768 ipse
607 704 650 751 se
672 704 998 767 circumspiciat
1025 723 1035 750 ε
1057 705 1140 750 alia
1160 706 1297 751 animi
1313 707 1426 752 mala

130 779 186 826 ad
213 779 419 842 peffimos
456 796 664 843 quosque
695 780 914 842 pertinere
935 813 948 835 ‚
985 778 1259 827 iracundiam
1288 780 1423 827 etiam

130 853 313 900 eruditis
335 853 615 909 hominibus,
642 867 684 900 et
705 854 750 898 in
777 852 858 898 alia
885 851 994 898 sanis
1010 884 1024 907 ,
1059 852 1252 916 irrepere
1274 853 1292 901 ἒ
1312 854 1428 900 adeo

129 937 180 972 ut
203 927 386 990 quidam
408 927 692 989 simplicitatis
716 925 930 973 indicium
951 925 1222 973 iracundiam
1244 927 1423 984 dicant,

129 1009 175 1048 et
195 1000 333 1063 vulgo
353 1000 558 1046 credatur
583 998 819 1046 facillimus
841 997 1024 1061 quisque
1053 997 1158 1045 huic
1181 999 1425 1048 obnoxius.

195 1075 252 1120 V.
287 1073 521 1135 Quorsus,
553 1073 724 1137 inquis,
756 1072 847 1119 hoc
875 1070 1096 1135 pertinet?
1127 1075 1191 1119 Ut
1219 1090 1355 1120 nemo
1382 1073 1427 1121 se

129 1144 299 1193 iudicet
316 1158 460 1194 tutum
480 1147 534 1194 ab
554 1147 622 1192 illa
643 1165 653 1192 ε
676 1162 778 1193 cum
802 1146 948 1192 lentos
968 1161 1150 1209 quoque
1180 1157 1353 1204 natura,
1385 1159 1429 1195 et

131 1218 356 1282 placidos,
384 1219 429 1266 in
452 1218 673 1267 saevitiam
695 1236 746 1266 ac
773 1218 1033 1265 violentiam
1061 1231 1234 1267 evocet.
1253 1222 1430 1281 Quem-

132 1291 379 1339 admodum
397 1293 602 1342 adversus
620 1292 905 1356 pestilentiam
926 1292 1032 1338 nihil
1051 1292 1227 1355 prodest
1248 1293 1431 1343 firmitas

133 1365 339 1427 corporis
358 1400 372 1423 ,
409 1378 454 1412 et
483 1366 668 1428 diligens
700 1365 962 1413 valetudinis
997 1382 1098 1411 cura
1127 1383 1137 1411 ε
1176 1367 1430 1428 promiscue

133 1436 251 1483 enim
272 1436 489 1485 imbecilla
506 1437 772 1501 robustaque
792 1437 984 1483 invadit:
1007 1438 1065 1483 ita
1087 1437 1141 1483 ab
1163 1438 1224 1483 ira
1250 1450 1338 1484 tam
1360 1439 1432 1485 in-

124 1508 297 1572 quietis
324 1510 528 1557 moribus
557 1511 801 1574 periculum
826 1509 912 1568 est,
940 1527 1070 1574 quam
1102 1513 1358 1574 compositis
1389 1528 1433 1562 et

134 1581 346 1638 remiffis;
367 1583 527 1646 quibus
549 1600 605 1630 eo
629 1584 806 1646 turpior
834 1601 886 1630 ac
915 1584 1207 1646 periculosior
1225 1583 1316 1643 est,
1340 1602 1433 1650 quo

133 1654 233 1717 plus
256 1653 301 1700 in
322 1654 404 1702 illis
433 1667 584 1702 mutat.
612 1658 695 1703 Sed
715 1672 817 1704 cum
847 1656 1039 1719 primum
1063 1656 1140 1712 fit,
1166 1673 1258 1704 non
1277 1659 1433 1717 irasci;

134 1727 405 1787 secundum,
430 1730 645 1787 retinere3
674 1731 883 1788 tertium,
914 1730 1079 1778 alienae
1108 1731 1198 1778 irae
1227 1734 1395 1780 mederi
1418 1752 1430 1781 ε

135 1801 280 1850 dicam
317 1803 538 1866 primum,
569 1804 951 1867 quemadmodum
978 1804 1024 1850 in
1053 1804 1160 1851 iram
1191 1822 1283 1852 non
1318 1807 1432 1855 inci-

133 1874 320 1931 damus;
347 1876 534 1935 deinde,
570 1878 949 1941 quemadmodum
979 1895 1062 1925 nos
1092 1878 1146 1924 ab
1175 1877 1248 1924 illa
1273 1879 1434 1927 libere-

136 1964 262 2002 mus;
285 1949 547 2008 noviffime,
566 1950 948 2014 quemadmodum
967 1950 1226 1998 irascentem
1248 1954 1435 2001 retinea-

134 2040 234 2070 mus
267 2023 578 2088 placemusque
596 2060 610 2082 ‚
641 2039 685 2072 et
717 2025 771 2072 ad
797 2023 1025 2072 sanitatem
1058 2026 1333 2077 reducamus.
1362 2030 1435 2077 Ne

136 2095 375 2143 irascamur
410 2097 755 2160 praestabimus,
787 2096 819 2143 fi
855 2096 1007 2144 omnia
1037 2097 1147 2145 vitia
1185 2099 1275 2147 irae
1306 2101 1439 2151 nobis

137 2167 322 2217 subinde
349 2171 712 2234 proposuerimus
734 2208 748 2228 ,
774 2186 819 2219 et
847 2171 964 2218 illam
992 2172 1104 2219 bene
1134 2172 1442 2224 aestimaveri-

138 2257 251 2289 mus.
278 2243 530 2291 Accusanda
557 2243 618 2291 est
646 2244 762 2308 apud
791 2260 902 2303 nos,
934 2245 1210 2294 damnanda:
1233 2248 1436 2310 perscru-

137 2315 269 2362 tanda
294 2315 385 2363 eius
409 2317 546 2374 mala,
568 2330 612 2366 et
629 2318 674 2365 in
694 2319 892 2366 medium
915 2321 1212 2382 protrahenda
1238 2322 1337 2371 sunt
1358 2342 1370 2373 ε
1389 2337 1439 2375 ut

136 2391 275 2456 qualis
307 2392 357 2441 fit
387 2410 590 2458 appareat
613 2432 628 2455 ‚
661 2396 957 2460 comparanda
994 2413 1096 2444 cum
1132 2397 1326 2460 peffimis
1359 2401 1439 2452 est,

136 2465 341 2517 Avaritia.
369 2468 556 2534 acquirit
588 2481 632 2520 et
667 2470 888 2522 contrahit
906 2504 922 2531 ,
954 2486 1048 2536 quo
1080 2470 1241 2534 aliquis
1277 2474 1446 2526 melior

1067 2537 1170 2601 E}
