1741 2919
302 147 390 195 190
558 135 606 177 1„
651 134 1360 183 ANNAEISENECAE

292 251 422 286 tunae
436 274 450 297 ‚
469 250 513 286 et
525 238 702 302 quidem
720 239 877 288 durum
899 252 1029 305 atque
1049 242 1261 291 inviffiim
1277 245 1583 308 pervenimus,

289 312 404 361 illius
422 311 604 358 arbitrio
626 311 756 376 digna
777 325 907 377 atque
928 313 1103 378 indigna
1125 315 1293 378 passuri.
1322 319 1549 380 corporibi
1552 338 1584 367 is

290 384 450 431 nostris
480 384 782 464 impotenter,
801 388 1153 447 contumeliose,
1174 406 1250 436 cn
1255 390 1408 437 deliter
1431 392 1583 439 abute-

286 470 388 503 tur:
411 456 556 503 alios
547 474 638 520 igni
627 457 721 503 ibus
749 474 956 542 peruret,
985 464 1055 507 vel
1086 461 1128 507 in
1149 478 1338 525 poenam
1361 464 1580 523 admotis,

288 532 387 578 vel
377 549 423 578 m
441 532 714 579 remedium:
730 532 839 580 alios
855 533 1053 591 vinciet;
1082 535 1128 582 id
1147 553 1263 583 nunc
1282 535 1581 596 hostilicebit,

289 624 407 653 nunc
426 606 513 654 civi
536 625 545 652 :
569 607 678 653 alios
698 623 776 670 per
797 607 959 655 incerta
979 610 1122 657 nudos
1149 612 1283 656 maria
1302 611 1500 668 iaciabit,
1535 627 1579 661 et

286 681 468 728 luciatos
499 698 600 727 cum
630 680 867 737 fluctibus,
901 699 956 728 ne
985 683 1030 728 in
1058 684 1265 731 harenam
1296 686 1476 750 quidem
1506 700 1580 734 aut

286 752 386 800 litus
417 754 669 816 explodet,
702 753 775 802 sed
816 754 861 801 in
894 755 1072 803 alicuius
1104 769 1308 804 ventrem
1339 758 1579 806 immensae

290 826 458 873 belluae
488 827 738 874 decondet:
760 827 868 874 alios
897 828 1159 875 morborum
1191 830 1322 877 variis
1346 831 1579 894 generibus

286 914 587 960 emaceratos,
615 901 690 948 diu
715 902 826 948 inter
850 904 986 949 vitam
1010 916 1288 966 mortemque
1312 905 1483 952 medios
1502 907 1577 953 de-

284 974 455 1022 tinebit.
471 978 534 1022 Ut
553 976 677 1024 varia
696 991 739 1023 et
760 975 992 1022 libidinosa
1008 1012 1021 1034 ‚
1042 977 1458 1041 mancipiorumque
1479 978 1578 1025 suo-

284 1065 382 1094 rum
402 1048 623 1111 negligens
650 1049 831 1096 domina
847 1085 860 1105 ‚
885 1063 928 1096 et
948 1050 1101 1112 poenis
1123 1064 1166 1097 et
1187 1051 1441 1098 muneribus
1460 1068 1578 1098 erra-

285 1122 362 1169 bit.
387 1121 514 1183 Quid
541 1139 654 1185 opus
672 1121 735 1170 est
765 1136 909 1186 partes
936 1122 1137 1170 deflere?
1172 1136 1267 1171 tota
1295 1125 1388 1171 vita
1418 1123 1576 1172 flebilis

281 1195 356 1241 est.
375 1196 610 1259 Urgebunt
639 1213 758 1243 nova
775 1197 1093 1255 incommoda,
1124 1197 1377 1262 priusquam
1405 1199 1575 1246 veteri-

282 1271 362 1316 bus
381 1268 652 1334 satisfeceris.
680 1271 1006 1318 Moderandum
1029 1269 1090 1317 est
1117 1271 1260 1333 itaque
1278 1306 1292 1329 ‚
1325 1271 1458 1319 vobis
1482 1289 1574 1318 ma-

280 1343 399 1389 xime
413 1378 427 1400 ,
445 1359 557 1406 quae
574 1343 865 1390 immoderate
883 1342 1005 1390 fertis
1025 1362 1036 1390 ε
1058 1359 1100 1391 et
1117 1343 1161 1390 in
1182 1359 1347 1405 metus,
1362 1358 1405 1392 et
1424 1346 1469 1391 in
1487 1346 1572 1393 do-

279 1420 398 1466 lores
421 1420 663 1466 humanum
680 1421 827 1482 pectus
850 1419 1202 1483 dispensandum.

344 1493 425 1540 XI.
455 1495 585 1553 Quae
610 1493 787 1539 demum
811 1492 886 1539 ista
909 1506 1007 1540 tuae
1028 1493 1316 1557 publicaeque
1335 1493 1562 1539 conditio-

280 1566 347 1612 nis
369 1565 545 1612 oblivio
570 1565 662 1612 est?
694 1568 894 1614 Mortalis
926 1580 1022 1613 nata
1039 1583 1082 1613 es
1099 1602 1111 1624 ‚
1145 1566 1351 1612 mortales
1379 1566 1566 1628 peperi-

244 1664 247 1668 ·
280 1637 332 1684 sti
367 1655 378 1683 :
405 1649 530 1700 putre
564 1637 653 1699 ipsa
683 1637 958 1703 fluidumque
989 1655 1179 1701 corpus,
1207 1653 1250 1685 et
1279 1638 1413 1685 causis
1444 1655 1567 1684 mor-

280 1710 437 1775 bisque
466 1711 647 1774 repetita
669 1747 683 1768 ‚
713 1712 887 1774 sperasti
914 1726 1004 1760 tam
1034 1712 1252 1760 imbecilla
1287 1713 1472 1759 materia
1499 1712 1570 1758 so-

279 1779 365 1841 lida
389 1797 433 1830 et
462 1796 636 1830 aeterna
660 1784 872 1848 gestasse?
895 1785 1092 1833 Deceffit
1111 1785 1224 1832 filius
1251 1800 1371 1840 tuus,
1396 1786 1442 1832 id
1474 1785 1565 1843 est,

279 1858 527 1904 decucurrit
548 1859 601 1904 ad
629 1859 746 1905 hunc
770 1858 931 1916 finem,
968 1859 1022 1906 ad
1045 1875 1175 1923 quem
1192 1894 1206 1917 ,
1231 1875 1346 1921 quae
1365 1858 1568 1906 feliciora

277 1943 408 1992 partu
427 1941 504 1977 tuo
534 1944 684 1994 putas,
713 1944 966 1995 properant.
1004 1933 1105 1979 Huc
1132 1932 1278 1978 omnis
1298 1932 1372 1978 ista
1391 1932 1569 1995 quaein

278 2004 386 2051 foro
412 2005 576 2070 litigat,
598 2006 643 2052 in
670 2007 847 2053 theatris
872 2007 1058 2066 desidet,
1082 2007 1127 2053 in
1163 2006 1334 2069 templis
1365 2019 1569 2070 precatur
1599 2056 1601 2060 ,

279 2078 407 2126 turba
420 2114 434 2134 ‚
450 2079 610 2141 dispari
627 2080 765 2143 gradu
785 2080 918 2127 vadit.
938 2084 991 2127 Et
1011 2098 1124 2145 quae
1142 2081 1382 2138 veneraris,
1395 2093 1437 2127 et
1457 2091 1569 2143 quae

275 2152 485 2215 despicis,
512 2171 624 2201 unus
659 2155 919 2218 exaequabit
950 2156 1073 2202 cinis.
1117 2157 1219 2201 Hoc
1242 2156 1362 2202 iubet
1389 2156 1459 2201 illa
1478 2158 1569 2219 Py-

278 2225 407 2273 thicis
428 2229 618 2276 oraculis
636 2229 849 2292 adscripta
866 2245 960 2276 vox
974 2264 988 2285 ‚
1012 2229 1158 2276 Nosce
1176 2241 1233 2275 te.
1262 2229 1386 2288 Quid
1405 2228 1467 2275 est
1485 2230 1569 2275 ho-

280 2300 397 2345 mo?
420 2301 652 2364 quodlibet
683 2302 882 2365 quassum
913 2319 1019 2360 vas,
1045 2317 1088 2349 et
1119 2302 1352 2365 quodlibet
1382 2301 1532 2366 fragile
1554 2321 1566 2348 ;

278 2370 457 2431 Ξεξὶειω,
473 2391 565 2421 non
583 2375 835 2439 tempestate
853 2392 1030 2438 magna,
1048 2387 1096 2422 ut
1116 2375 1342 2438 diffiperss,
1361 2375 1421 2422 est
1442 2392 1568 2438 opus.

278 2444 545 2511 Ubicunque
581 2450 863 2509 arietaveris,
900 2449 1098 2499 solveris.
1139 2450 1264 2511 Quid
1294 2450 1356 2498 est
1382 2450 1564 2499 homo?
