1741 2919
221 101 248 136 ι
294 155 394 201 DE
435 146 1003 198 PROVIDENTIA
1052 144 1287 192 LIBER.
1358 158 1450 206 229

165 279 213 310 es
237 261 308 311 vir
328 280 339 308 ε
363 261 435 308 sed
457 260 572 307 unde
595 257 686 306 scio
701 293 714 316 ,
733 257 763 303 fi
785 255 866 302 tibi
886 253 1064 303 fortuna
1091 270 1182 300 non
1210 254 1282 300 dat
1300 251 1450 299 facul-

167 346 303 381 tatem
329 330 602 379 exhibendae
636 327 843 375 virtutis?
883 324 1161 374 Descendisti
1193 325 1247 371 ad
1280 324 1451 386 Olym-

167 405 240 469 pia
262 423 272 451 :
297 404 328 451 si
347 420 480 451 nemo
500 412 669 466 praeter
691 415 734 448 te
751 435 764 457 ,
785 409 1002 461 coronam
1027 399 1158 445 habes
1174 432 1186 454 ,
1213 397 1450 444 victoriam

168 496 263 527 non
292 479 440 526 habes.
475 479 583 524 Non
614 476 812 539 gratulor
840 487 1053 538 tanquam
1081 472 1183 520 viro
1209 470 1347 529 forti,
1377 470 1451 517 sed

170 566 377 616 tanquam
411 550 683 599 consulatum
720 561 1029 613 praeturamve
1066 547 1245 608 adepto,
1278 546 1452 591 honore

167 628 318 674 anetus
347 643 404 673 es.
442 626 561 672 Idem
588 623 735 670 dicere
761 634 805 668 et
828 623 953 669 bono
973 622 1077 667 viro
1107 618 1280 681 possum
1297 655 1310 676 ,
1333 619 1362 664 si
1390 617 1453 664 illi

167 699 328 746 nullam
346 696 625 744 occasionem
649 695 870 743 difficilior
895 694 1013 741 casus
1031 692 1150 739 dedit
1163 728 1177 750 ,
1198 691 1243 737 in
1260 708 1346 755 qua
1367 708 1453 738 una

169 771 263 820 vim
285 770 350 818 sui
369 770 503 818 animi
530 770 794 817 ostenderet.
835 767 1041 814 Miserum
1063 779 1107 813 te
1131 765 1308 824 iudico,
1327 765 1452 828 quod

169 861 394 909 nunquam
413 843 527 891 fuisti
547 844 690 890 miser.
713 841 893 890 transisti
914 841 1003 887 sine
1026 838 1278 886 adversario
1296 840 1453 887 vitam.

168 919 318 965 Nemo
336 917 460 975 sciet,
478 917 587 980 quid
607 915 802 979 potueris
824 934 834 961 :
862 931 916 960 ne
936 925 984 960 tu
1001 913 1179 977 quidem
1199 911 1304 974 ipse.
1324 913 1454 975 Opus

167 990 230 1039 est
247 991 363 1038 enim
387 992 442 1036 ad
462 990 661 1036 notitiam
677 989 740 1036 sui
755 1026 768 1047 ‚
791 987 1110 1049 experimento.
1124 986 1247 1048 quod
1266 985 1453 1050 quisque

168 1064 337 1127 posset,
360 1064 437 1110 nisi
462 1066 672 1111 tentando
699 1081 790 1111 non
819 1063 985 1110 didicit.
1010 1065 1159 1126 ltaque
1186 1063 1364 1125 quidam
1385 1062 1454 1108 ul-

167 1151 242 1184 tro
261 1140 302 1184 se
316 1138 574 1186 cessantibus
589 1139 712 1186 malis
726 1138 981 1185 obtulerunt
994 1173 1007 1195 ‚
1023 1149 1066 1183 et
1081 1136 1233 1183 virtuti
1250 1136 1388 1184 iturae
1403 1137 1451 1183 in

168 1210 404 1258 obscurum
423 1212 716 1268 occasionem,
732 1227 809 1275 per
827 1228 957 1274 quam
973 1210 1245 1267 enitesceret,
1258 1210 1451 1272 quaesie-

166 1295 280 1330 runt.
303 1286 532 1343 Gaudent,
551 1285 730 1349 inquam
745 1321 757 1342 ,
783 1285 931 1349 magni
950 1284 1036 1332 viri
1062 1283 1299 1348 aliquando
1321 1284 1453 1331 rebus

166 1354 389 1413 adversis,
415 1373 507 1402 non
529 1357 651 1403 aliter
678 1374 808 1422 quam
830 1357 968 1404 fortes
992 1355 1149 1403 milites
1177 1355 1313 1403 bellis.
1355 1358 1450 1418 Ego

169 1427 483 1476 mirmillonem
520 1430 598 1476 sub
622 1429 674 1478 C.
708 1431 895 1478 Caesare
921 1431 975 1477 de
1005 1429 1181 1477 raritate
1210 1445 1447 1476 munerum

168 1502 322 1550 audivi
348 1517 634 1564 querentem:
667 1507 822 1566 *Quam
857 1506 993 1564 bella,
1021 1504 1191 1568 inquit,
1229 1515 1343 1551 aetas
1371 1519 1453 1565 pe«

167 1574 254 1622 rit!
285 1575 432 1623 Avida
458 1574 520 1620 est
552 1572 738 1636 periculi
770 1576 928 1633 virtus,
957 1588 1002 1622 et
1025 1592 1118 1639 quo
1148 1575 1328 1630 tendat,
1355 1592 1450 1622 non

152 1649 280 1711 .quid
308 1647 478 1710 passura
502 1645 579 1703 sit,
605 1644 799 1708 cogitat:
823 1646 1034 1707 quoniam
1063 1659 1105 1695 et
1132 1647 1254 1711 quod
1284 1647 1452 1710 passura

170 1719 261 1780 est,
295 1720 462 1785 gloriae
492 1736 590 1782 pars
618 1718 693 1765 est.
724 1716 934 1763 Militares
962 1714 1050 1762 viri
1080 1712 1323 1777 gloriantur
1350 1719 1454 1768 vul·-

171 1794 348 1842 neribus
360 1830 373 1852 ,
389 1793 487 1839 laeti
505 1792 714 1840 fluentem
734 1791 911 1840 meliori
928 1790 1027 1837 casu
1046 1788 1295 1853 sanguinem
1316 1787 1458 1834 osten-

173 1880 278 1916 tant.
297 1869 416 1914 Idem
438 1868 541 1915 licet
568 1866 780 1923 fecerint,
797 1865 875 1929 qui
903 1863 1064 1927 integri
1090 1874 1372 1910 revertuntur
1400 1852 1479 1908 ex*

173 1942 290 2000 acie,
306 1941 441 2005 magis
455 1939 668 2002 spefitatur
679 1939 756 2002 qui
773 1938 937 1985 saucius
959 1937 1087 1984 redit.
1104 1937 1230 1999 Ipsis,
1249 1935 1427 1999 inquam
1442 1969 1459 1992 ‚

175 2016 301 2064 Deus
328 2013 544 2069 consulit,
578 2028 692 2077 quos
729 2010 816 2059 effe
847 2028 981 2074 quam
1013 2009 1339 2058 honestiffimos
1374 2027 1458 2058 cu-

175 2088 264 2150 pit,
288 2087 464 2151 quoties
491 2086 575 2133 illis
603 2085 830 2131 materiam
865 2084 1044 2147 praebet
1072 2083 1240 2148 aliquid
1263 2083 1461 2130 animose

174 2154 436 2223 fortiterque
460 2158 679 2207 faciendi:
706 2158 761 2203 ad
794 2174 927 2221 quam
952 2173 1045 2203 rem
1076 2173 1189 2220 opus
1221 2155 1283 2203 est
1313 2155 1457 2220 aliqua

175 2249 324 2278 rerum
357 2232 624 2280 difficultate.
662 2230 1019 2278 Gubernatorem
1046 2230 1092 2276 in
1112 2228 1392 2292 tempestate,
1412 2230 1458 2277 in

179 2306 274 2354 acie
303 2306 486 2354 militem
521 2305 746 2370 intelligas.
787 2306 922 2353 Unde
950 2303 1121 2368 poffum
1155 2304 1292 2360 scire,
1316 2322 1460 2368 quan-

178 2394 275 2426 tum
308 2379 515 2426 adversus
544 2390 842 2442 paupertatem
866 2379 945 2425 tibi
974 2377 1109 2425 animi
1138 2377 1211 2434 fit,
1235 2378 1265 2424 fi
1294 2379 1462 2426 divitiis

179 2453 339 2502 diffluis
358 2454 376 2501 ?
395 2455 508 2501 unde
529 2453 701 2517 possum
726 2452 832 2502 scire
846 2489 860 2514 ,
887 2469 1096 2517 quantum
1115 2454 1320 2503 adversus
1338 2454 1427 2513 ΞΨΖ
1456 2502 1459 2505 .

1106 2520 1137 2565 P
1175 2534 1196 2581 3
