1741 2919
332 155 787 202 CONSOLATIO
830 154 921 200 AD
958 154 1297 199 ritARCIAM.
1368 167 1454 211 2¹3

175 261 392 310 beneficio
412 263 550 311 liberi.
575 266 732 309 Parens
759 274 883 319 tuus,
916 262 1106 319 Marcia,
1135 261 1221 307 illic
1249 271 1458 323 nepotem

174 334 320 392 suum,
338 351 602 398 quamquam
626 334 714 381 illic
733 335 940 381 omnibus
960 350 1094 380 omne
1113 346 1352 396 cognatum
1373 332 1458 390 est,

174 407 363 470 applicat
397 408 473 453 libi
496 444 509 466 ,
537 425 657 455 nova
681 408 781 455 luce
816 408 1104 471 gaudentem,
1131 419 1174 453 et
1201 408 1455 453 vicinorum

175 480 359 526 {iderum
384 493 552 527 meatus
578 482 737 529 docet:
760 499 839 527 nec
867 498 916 527 ex
946 480 1129 528 conieci·
1123 482 1238 537 uris,
1263 482 1334 525 sed
1353 496 1456 526 om-

172 553 295 599 nium
323 569 376 600 ex
399 570 512 601 vero
540 554 723 617 peritus,
757 554 803 601 in
826 572 983 602 arcana
1013 571 1084 601 nat
1091 568 1195 601 urae
1219 554 1380 599 libens·
1378 553 1456 598 lu-

172 626 245 671 cit.
265 628 412 690 thue
431 627 680 690 ignotarum
698 628 875 675 urbium
897 627 1161 675 monstratus
1180 626 1301 690 liosp'*
1358 641 1456 689 gra-

170 710 236 744 tus
261 700 352 748 est.-
379 701 436 747 ita
461 702 690 749 sciscitanti
713 702 963 749 coelestium
993 702 1161 757 causas,
1189 700 1455 747 domesticus

171 771 394 836 interpres.
415 777 462 820 In
484 774 705 837 profunda
725 789 937 822 terrarum
953 777 1210 838 permittere
1230 775 1370 820 aciem
1390 773 1454 819 iu·

171 855 246 890 vat
266 862 278 891 ε
305 847 489 894 ἀεὶεὲὶᾶῐ
513 847 630 893 enim
651 864 706 894 ex
730 848 820 893 alto
841 846 985 894 relicta
1011 846 1241 909 respicere.
1273 845 1343 892 Sic
1366 846 1453 891 ita-

171 935 278 981 que,
299 922 465 968 Marcia
480 958 492 979 ‚
515 934 556 967 te
575 938 676 984 gere
689 957 702 979 ‚
719 934 924 984 tanquam
944 920 1021 968 sub
1037 920 1178 967 oculis
1198 919 1328 982 patris
1349 918 1453 966 filii-

170 1009 258 1055 que
295 994 461 1057 posita,
488 1012 579 1041 non
610 995 787 1041 illorum
827 1010 941 1058 quos
973 1009 1189 1050 noveras,
1225 992 1297 1038 sed
1329 1004 1455 1040 tanto

168 1069 557 1127 excellentiorum,
587 1080 631 1116 et
652 1069 696 1115 in
725 1069 899 1115 summo
924 1069 1171 1116 locatorum
1198 1085 1212 1116 :
1245 1067 1453 1114 erubesce

166 1141 405 1206 quidquam
437 1144 602 1189 humile
635 1155 707 1189 aut
733 1142 943 1205 vulgare,
977 1155 1021 1190 et
1052 1153 1246 1188 mutatos
1279 1141 1324 1187 in
1355 1157 1453 1186 me-

166 1213 249 1260 lius
268 1226 369 1262 tuos
394 1215 515 1262 flere.
545 1218 592 1261 Iu
618 1230 791 1262 aeterna
813 1231 956 1260 rerum
988 1230 1068 1277 per
1096 1213 1215 1261 vasta
1245 1226 1286 1259 et
1317 1213 1452 1260 libera

166 1288 298 1351 spatia
325 1291 520 1337 dimissos
537 1326 549 1349 ‚
571 1306 661 1336 non
682 1290 782 1336 illos
801 1288 1008 1336 interfusa
1034 1288 1170 1334 maria
1189 1287 1453 1345 discludunt,

167 1379 249 1410 nec
277 1364 464 1410 altitudo
492 1363 713 1410 montium
737 1393 751 1415 ‚
779 1375 851 1410 aut
875 1361 988 1408 imae
1014 1362 1176 1417 valles,
1204 1378 1276 1409 aut
1304 1362 1452 1409 incer-

165 1447 208 1480 ta
232 1436 346 1482 vada
376 1437 585 1500 Syrtium.
611 1437 806 1482 tramites
833 1435 985 1482 omnia
1011 1436 1155 1498 plani,
1182 1450 1226 1484 et
1250 1455 1305 1484 ex
1332 1436 1452 1483 facili

165 1507 383 1564 mobileS,
408 1522 452 1555 et
474 1509 694 1571 expediti,
721 1523 764 1555 et
781 1508 976 1556 invicem
999 1509 1144 1571 pervii
1173 1508 1294 1566 sunt,
1319 1509 1455 1556 inter-

165 1581 383 1644 mixtique
410 1582 632 1629 sideribus.
1345 1593 1350 1598 ·

231 1657 409 1703 XXVI.
452 1657 557 1702 Puta
587 1655 736 1717 itaque
760 1670 816 1700 ex
845 1654 915 1700 illa
943 1670 1042 1702 arce
1073 1654 1253 1702 coelesti
1281 1666 1452 1717 patrem

166 1739 290 1775 tuum
304 1765 318 1787 ‚
339 1728 532 1783 Marcia,
560 1728 631 1773 cui
657 1737 826 1774 tantum
848 1727 966 1789 apud
985 1739 1028 1774 te
1045 1727 1313 1775 a116loritatis
1332 1739 1456 1786 erat,

165 1817 382 1865 quantum
413 1801 493 1848 tibi
520 1800 638 1864 apud
663 1800 805 1847 filium
841 1812 990 1859 tuum,
1019 1817 1112 1847 non
1137 1801 1217 1848 illo
1246 1802 1457 1865 ingenio,

164 1891 258 1938 quo
280 1873 427 1921 civilia
445 1872 557 1920 bella
588 1871 802 1930 deflevit,
834 1890 926 1936 quo
952 1872 1277 1935 proscribentes
1303 1873 1349 1919 in
1375 1890 1455 1921 ae·-

165 1960 339 1995 ternum
364 1948 454 2012 ipse
483 1947 764 2011 proscripsit,
791 1948 864 1994 sed
890 1959 1016 1994 tanto
1044 1946 1255 2005 elatiore,
1285 1959 1457 2011 quanto

167 2022 230 2070 est
254 2022 343 2085 ipse
365 2020 615 2077 sublimior,
639 2021 786 2069 dicere
808 2039 820 2068 ε
850 2022 942 2067 Cur
966 2033 1007 2068 te
1022 2056 1036 2076 ,
1065 2019 1180 2078 filia,
1207 2033 1295 2066 tam
1323 2020 1458 2084 longa

168 2107 285 2142 tenet
310 2095 580 2160 aegritudo?
604 2096 700 2142 Cur
727 2096 772 2141 in
802 2107 923 2142 tanta
953 2095 1049 2141 veri
1079 2093 1325 2150 ignorantia
1356 2110 1460 2141 ver-

165 2165 293 2224 saris,
317 2180 369 2215 ut
399 2167 550 2231 inique
580 2167 723 2213 actum
752 2165 922 2213 iudices
945 2181 1047 2212 cum
1080 2163 1176 2211 filio
1199 2180 1310 2223 tuo,
1334 2163 1462 2228 quod'

167 2237 214 2285 in
240 2238 434 2286 taedium
461 2239 609 2288 versus
642 2239 791 2297 vitae,
816 2237 906 2302 ipse
925 2237 979 2284 ad
1005 2235 1198 2284 maiores
1230 2236 1273 2283 se
1294 2234 1462 2297 recepit

168 2311 300 2359 suos?
326 2311 478 2360 Nescis
499 2311 674 2376 quantis
699 2311 881 2359 fortuna
902 2309 1106 2372 procellis
1132 2307 1344 2357 disturbet
1361 2324 1463 2355 om-

167 2384 280 2432 nia?
306 2401 439 2447 quam
464 2385 594 2432 nullis
619 2385 859 2450 benignam
887 2383 1151 2446 facilemque
1179 2382 1221 2430 se
1241 2379 1462 2446 praestite-

169 2454 256 2520 rit,
280 2455 358 2505 nifi
381 2455 461 2521 qui
490 2456 723 2509 minimum
757 2473 862 2509 cum
889 2455 966 2506 illa
996 2457 1337 2568 congaxerant?
1368 2453 1466 2507 Rea
