1741 2919
290 152 382 202 250
552 144 599 188 L.
650 144 937 192 ANNAEI
987 149 1338 199 SENECAE

284 244 509 307 experitur
533 247 703 311 semper
734 252 1027 313 praesentibus
1057 254 1208 302 infesta
1237 257 1404 305 levitas.
1444 261 1574 308 Nunc

287 318 574 380 Campaniam
602 336 811 383 petamus.
841 325 926 374 iam
951 326 1133 373 delicata
1154 326 1328 376 fastidio
1356 330 1450 377 sunt
1472 350 1482 377 τ
1507 333 1575 378 in·-

285 390 399 434 culta
436 391 678 440 videantur.
716 397 908 443 Bruttios
949 413 991 444 et
1028 401 1226 447 Lucanos
1265 401 1391 449 saltus
1426 406 1571 466 perse-

283 477 484 523 quamur.
512 466 690 529 Aliquid
717 484 868 516 tamen
889 471 999 516 inter
1029 472 1191 517 deserta
1221 475 1397 520 amoeni
1423 476 1576 538 requi-'

283 548 403 581 ratur
418 571 431 593 ‚
453 537 498 583 in
518 556 610 602 quo
631 541 843 588 luxuriofi
863 543 979 590 oculi
1004 543 1139 607 longo
1160 546 1361 592 locorum
1383 548 1571 594 horren-

283 608 392 654 tium
414 607 618 674 squalore⁴
634 614 895 663 releventur.
934 619 1175 663 Tarentum
1203 631 1398 679 petatur,
1416 619 1569 665 lauda-

282 694 438 745 tusque
465 698 643 745 portus,
663 700 706 733 et
724 688 904 735 hiber-na
928 690 1043 736 coeli
1064 691 1274 746 mitioris,
1303 705 1346 739 et
1365 693 1476 739 reela
1495 693 1573 740 vel⁴

281 754 485 817 antiquae
520 757 618 804 satis
643 761 854 822 opulenta
885 762 1050 810 turbae.
1083 766 1172 809 Iam
1207 764 1431 811 ῧεξὶειιῃιιε
1462 782 1568 812 cur-

281 826 375 874 sum
407 831 461 877 ad
495 834 661 880 urbem.
690 836 818 883 nimis
851 837 925 883 diu
953 854 976 883 a
1009 838 1156 898 plausu
1186 854 1228 885 et
1249 838 1422 903 fragore
1447 847 1573 887 aures*

282 919 553 952 vacaverunt
589 925 600 954 τ
643 907 766 957 iuvat
801 910 887 956 iam
929 923 973 957 et
1009 911 1201 958 humano
1234 913 1435 975 sanguine
1471 913 1571 960 frui.

279 976 416 1023 Aliud
436 995 491 1024 ex
520 981 607 1027 alio
627 982 710 1028 iter
737 983 991 1046 inscipitur,
1016 996 1060 1032 et
1088 985 1326 1048 speaacula
1345 984 1568 1048 speQacu-

277 1048 327 1096 lis
353 1062 605 1101 mutantur:
637 1068 685 1101 ut
704 1055 763 1103 ait
787 1059 1014 1105 Lucretius
1032 1092 1047 1113 ,

411 1162 507 1207 Hoc
526 1164 574 1222 fi·
602 1167 770 1226 quisque
802 1169 925 1212 modo
949 1168 1112 1229 semper
1134 1168 1263 1229 fizgit.

277 1268 361 1314 Sed
388 1270 493 1332 quid
522 1273 723 1334 prodest,
746 1274 776 1320 fi
797 1292 886 1321 non
905 1275 1090 1340 effugit?
1115 1275 1307 1338 sequitur
1327 1275 1474 1339 seipse
1489 1313 1503 1334 ‚
1523 1289 1568 1324 et

275 1357 400 1406 urget
421 1346 696 1408 graviffimus
722 1366 889 1398 comes.
912 1354 1061 1414 Itaque
1082 1351 1188 1398 scire
1209 1352 1419 1399 debemus
1437 1384 1449 1406 ,
1471 1369 1564 1398 non

279 1416 486 1465 locorum
514 1421 674 1468 vitium
702 1422 789 1470 effe
813 1441 906 1487 quo
938 1424 1217 1482 laboramus,
1252 1425 1323 1471 sed
1354 1425 1564 1472 nostrum.

276 1490 443 1540 Infirmi
465 1495 608 1543 sumus
636 1498 694 1543 ad¹
715 1514 850 1545 omne
873 1491 1148 1546 tolerandum
1165 1535 1177 1554 ,
1205 1516 1284 1546 nec
1303 1500 1465 1547 laboris
1487 1518 1564 1563 pa-

274 1564 457 1626 tientes,
487 1586 568 1616 nec
601 1572 837 1631 voluptatis
855 1608 866 1627 ‚
895 1590 977 1620 nec
1010 1573 1205 1630 nostrae,
1231 1591 1312 1619 nec
1345 1574 1468 1620 ullius
1499 1573 1562 1619 rei

275 1637 450 1686 diutius.
471 1641 572 1688 Hoc
595 1645 810 1705 quosdam
829 1645 918 1706 egit
935 1645 988 1691 ad
1010 1658 1199 1691 mortem
1214 1680 1226 1701 ‚
1245 1646 1367 1707 quod
1385 1662 1560 1708 propo-

275 1710 351 1758 fita
377 1713 500 1776 saepe
519 1718 731 1763 mutando
745 1754 758 1774 ‚
778 1719 821 1763 in
842 1718 991 1764 eadem
1012 1718 1360 1764 revolvebantur
1376 1753 1390 1774 ,
1409 1730 1452 1764 et
1469 1735 1561 1765 non

273 1786 538 1851 reliquerant
568 1792 754 1838 novitati
786 1793 950 1840 locum.
981 1791 1170 1838 Fastidio
1192 1791 1271 1837 illis
1297 1791 1382 1837 effe
1411 1793 1561 1854 coepit

273 1863 392 1922 vita,
419 1878 462 1913 et
482 1866 574 1929 ipse
605 1869 826 1916 mundus:
853 1883 898 1915 et
927 1867 1038 1914 subit
1065 1867 1187 1912 illum
1212 1865 1461 1936 rabidarum
1482 1867 1560 1913 de-

271 1942 469 1991 liciarum
488 1962 499 1990 :
525 1946 773 2008 Quousque
792 1945 944 1992 eadem
964 1943 982 1991 ἓ

342 2018 411 2062 111.
431 2017 756 2064 Adversusffihoc
769 2017 958 2064 taedium
980 2034 1074 2080 quo
1095 2016 1255 2063 auxilio
1270 2030 1416 2077 putem
1433 2029 1558 2061 uten-

273 2091 381 2137 dum
396 2126 409 2148 ‚
429 2092 616 2155 quaeris.
647 2091 880 2153 Optimum
910 2103 999 2136 erat
1023 2090 1044 2154 (
1063 2103 1110 2137 ut
1130 2091 1189 2136 ait
1208 2086 1575 2150 Athenodorus)

275 2164 449 2212 afflone
474 2181 620 2211 rerum
640 2176 683 2212 et
710 2163 990 2226 Reipublicae
1010 2162 1296 2219 trailatione,
1327 2173 1370 2207 et
1396 2159 1575 2206 officiis'

274 2237 481 2285 civilibus
500 2237 542 2285 se
561 2237 771 2285 detinere.
793 2253 894 2283 nam
914 2252 961 2283 ut
981 2236 1159 2300 quidam
1180 2235 1270 2282 sole
1288 2269 1301 2292 ,
1321 2244 1364 2280 et
1379 2232 1554 2280 exerci-

273 2314 440 2360 tatione
453 2327 471 2381 ᾗ
486 2326 530 2360 et
554 2330 656 2360 cura
674 2312 876 2375 corporis
893 2347 906 2369 ,
926 2311 1040 2358 diem
1062 2311 1275 2379 educunt,
1295 2307 1555 2388 athletisque

273 2383 540 2431 utiliffimum
570 2384 633 2432 est
650 2421 663 2442 ,
688 2385 874 2432 lacertos
906 2383 1004 2430 suos
1025 2419 1037 2441 ‚
1063 2383 1287 2444 roburque
1321 2380 1390 2428 cui
1413 2379 1452 2458 se
1476 2395 1573 2458 unr

275 2457 558 2517 dicaverunt,
572 2459 740 2509 maiore
758 2456 970 2523 temporis
990 2468 1112 2522 parte
1133 2455 1297 2504 nutrire
1319 2454 1409 2502 :ita
1423 2450 1556 2500 nobis
