1741 2919
281 158 344 207 94
526 142 917 188 L.ANNAE1
969 144 1336 192 SENECAE

280 248 565 313 parentibus,
593 248 751 296 deinde
789 249 938 297 liberis
969 268 980 296 :
1017 250 1135 298 notis
1156 287 1171 309 ,
1209 250 1368 299 deinde
1400 251 1582 318 ignotis;

282 325 464 388 Ubique
493 324 610 371 enim
633 325 784 372 causae
811 325 1063 389 supersunt,
1093 326 1170 373 nisi
1192 327 1455 390 deprecator
1483 329 1583 374 ani-

283 416 384 446 mus
399 399 583 446 acceffit.
615 399 731 445 Hinc
748 411 791 445 te
815 398 895 446 illo
916 398 1043 446 furor
1060 400 1202 464 rapiet
1221 435 1235 457 ,
1254 400 1374 449 illinc
1397 402 1485 449 alio
1509 421 1518 449 :
1539 413 1584 450 et

283 473 419 520 novis
451 473 636 520 subinde
656 468 941 522 irritamentis
959 474 1204 523 orientibus
1219 507 1234 530 ‚
1258 460 1587 523 continuabitur

283 545 442 592 rabies,
463 549 556 609 Age
575 543 733 592 infelix
752 572 771 603 ‚=
805 557 849 592 et
874 548 1052 610 quando
1071 548 1270 595 amabis?
1294 551 1339 595 O
1356 565 1487 612 quam
1508 549 1594 596 bo·-

287 637 394 667 num
426 631 599 683 tempus
631 619 675 666 in
694 636 741 666 re
768 620 880 666 mala
901 621 1074 683 perdis!
1101 624 1284 682 Quanto
1305 640 1426 670 nunc
1456 624 1590 671 satius

287 707 408 754 erat,
427 696 596 742 amicos
622 712 776 759 parare
797 732 811 754 ‚
844 696 1051 744 inimicos
1079 697 1279 760 mitigare
1295 734 1309 757 ,
1329 699 1592 762 Rempubli-

286 787 383 817 cam
407 769 708 817 administrare
725 805 739 828 ‚
767 770 1004 817 transferre
1034 771 1077 817 in
1104 787 1173 818 res
1201 772 1461 821 domesticas
1479 791 1592 837 ope-

287 862 382 891 ram
408 861 420 891 z
466 861 600 908 quam
634 843 971 908 circumspicere
1003 845 1110 909 quid
1140 845 1270 892 alicui
1293 845 1428 908 poffis
1453 845 1596 895 facere

288 919 426 966 mali?
453 918 578 981 quod
608 929 683 964 aut
704 917 906 981 dignitati
940 917 1056 976 eius,
1085 930 1159 964 aut
1179 918 1485 982 patrimonio,
1519 932 1593 967 aut

288 993 474 1056 corpori
496 991 657 1039 vulnus
682 990 883 1055 infligas?
916 1008 1017 1038 cum
1038 991 1082 1036 id
1113 988 1195 1038 tibi
1220 992 1478 1056 contingere
1506 993 1594 1040 fine

288 1068 526 1115 certamine
543 1083 593 1113 ac
621 1065 821 1128 periculo
853 1081 943 1111 non
972 1065 1127 1128 poffit,
1155 1065 1321 1112 etiamsi
1350 1082 1454 1112 cum
1476 1066 1593 1112 infe-

287 1143 407 1189 riore
438 1139 688 1188 concurses.
716 1139 925 1186 Vindium
952 1138 1055 1186 licet
1083 1139 1303 1202 accipias,
1333 1151 1376 1185 et
1402 1138 1455 1186 ad
1482 1139 1595 1186 arbi-

287 1217 422 1264 trium
444 1226 567 1261 tuum
594 1213 719 1259 omni
749 1212 983 1275 patientiae
1008 1213 1257 1276 expolitum
1277 1231 1287 1259 :
1309 1212 1433 1276 saepe
1458 1213 1595 1260 nimia

288 1289 357 1335 vis
380 1286 604 1335 caedentis
624 1299 699 1332 aut
725 1285 963 1332 articulum
989 1285 1096 1333 loco
1116 1287 1286 1342 movit,
1309 1300 1382 1333 aut
1401 1303 1595 1333 nervum

292 1364 339 1411 in
372 1362 439 1409 his
459 1376 575 1424 quos
595 1360 783 1425 fregerat
797 1397 807 1414 ,
828 1360 1032 1408 dentibus
1057 1360 1164 1407 fixit.
1186 1362 1354 1408 Multos
1369 1361 1597 1408 iracundia

291 1451 508 1490 mancos,
534 1434 698 1480 multos
729 1432 895 1480 debiles
926 1433 1058 1491 fecit,
1086 1433 1220 1482 etiam
1253 1433 1330 1481 ubi
1362 1434 1598 1496 patientiae

293 1510 355 1557 est
375 1509 499 1555 nacla
519 1506 761 1553 materiam.
782 1506 937 1553 Adiice
958 1523 1075 1553 nunc
1091 1538 1105 1561 ‚
1125 1506 1250 1569 quod
1268 1506 1377 1552 nihil
1397 1520 1485 1553 tam
1508 1507 1597 1552 irn-

247 1630 252 1631 i
292 1583 450 1631 becille
481 1597 636 1629 natum
667 1579 757 1637 est,
787 1592 835 1626 ut
860 1579 949 1626 fine
977 1580 1175 1627 elidentis
1206 1579 1408 1643 periculo
1435 1593 1599 1645 pereat.

290 1655 540 1705 imbecillos
570 1653 871 1702 valentiffimis
897 1653 1001 1701 alias
1029 1652 1164 1700 dolor
1178 1689 1191 1712 ‚
1211 1652 1313 1700 alias
1331 1653 1450 1700 casus
1469 1671 1599 1702 exae-

294 1743 414 1796 quat.
449 1729 573 1790 Quid
594 1765 607 1785 ‚
646 1728 780 1792 quod>
803 1726 1012 1790 pleraque
1046 1742 1201 1774 eorum
1221 1763 1234 1785 ,
1266 1738 1452 1790 propter
1485 1743 1600 1790 quae

293 1804 522 1852 irascimur
538 1840 549 1859 ‚
569 1801 805 1849 offendunt
824 1816 905 1847 nos
925 1799 1062 1864 magis
1076 1835 1088 1858 ,
1104 1816 1235 1863 quam
1255 1799 1462 1846 laedunt?
1482 1799 1600 1845 mul-

295 1888 389 1926 tum
409 1892 554 1923 autem
574 1874 776 1930 interest,
796 1862 946 1920 utrum
965 1872 1121 1936 aliquis
1134 1872 1353 1921 voluntati
1370 1888 1494 1918 meae
1513 1871 1599 1917 ob—

295 1951 406 2009 stet,
426 1967 479 1996 an
509 1950 650 1996 desit:
680 1947 865 2012 eripiat,
897 1963 950 1993 an
978 1963 1067 1993 non
1101 1946 1186 1994 det.
1216 1945 1352 2009 Atqui
1381 1945 1426 1991 in
1453 1961 1602 2009 aequo

295 2026 534 2089 ponimus,
566 2036 715 2071 utrum
749 2022 906 2085 aliquis
937 2022 1132 2074 auferat,
1167 2037 1222 2066 an
1253 2030 1414 2083 neget:
1449 2030 1600 2065 utrum

297 2102 416 2165 spem
446 2099 638 2146 nostram
668 2098 922 2161 praecidat,
952 2113 1006 2143 an
1035 2094 1410 2142 differat21itrum
1442 2108 1602 2140 contra

297 2190 384 2219 nos
399 2171 533 2219 faciat
550 2208 562 2231 ‚
583 2189 635 2217 an
658 2187 742 2233 pro
759 2170 824 2216 se:
844 2186 996 2216 amore
1017 2168 1193 2215 alterius
1208 2203 1221 2225 ,
1243 2184 1297 2213 au
1317 2167 1427 2213 odio
1447 2165 1600 2213 nostri.

299 2247 496 2307 Quidam
518 2261 632 2292 vero
655 2261 746 2291 non
772 2258 939 2290 tantum
961 2242 1091 2289 iustas
1112 2241 1257 2288 causas
1282 2239 1419 2286 standi
1447 2252 1603 2287 contra

298 2336 383 2365 nos
397 2355 409 2373 ,
431 2318 502 2365 sed
520 2319 651 2364 etiam
670 2315 875 2364 honestas
893 2316 1066 2362 habent.
1089 2313 1211 2360 Alius
1233 2324 1400 2376 patrem
1427 2325 1603 2371 tuetur,

301 2392 407 2438 alius
437 2392 615 2438 fratrem
634 2430 645 2449 ‚
675 2393 780 2438 alius
807 2403 1014 2453 patruum
1032 2425 1044 2445 ,
1072 2388 1182 2435 alius
1212 2387 1416 2434 amicum.
1438 2386 1503 2433 bis
1532 2401 1601 2432 ta-

303 2483 406 2515 men
429 2483 521 2514 non
539 2467 808 2531 ignoscimus
834 2466 877 2513 id
902 2463 1162 2513 facientibus
1184 2481 1194 2510 :
1224 2463 1345 2528 quod
1374 2462 1452 2508 nisi
1473 2460 1596 2515 sace·v
