1741 2919
339 102 425 150 DE
458 106 1005 165 TRANQUQUTATE
1042 106 1232 154 Atinii.
1333 123 1417 173 255
1475 92 1478 95 ’

148 209 311 274 agmini
337 223 627 274 tyrannorum
647 243 660 265 ‚
687 210 776 257 eius
802 211 1043 258 libertatem
1066 213 1238 260 libertas
1259 230 1346 260 non
1367 227 1425 260 tu-

147 282 195 330 lit
216 301 227 330 :
247 282 423 339 m‘scias
451 299 494 330 et
521 283 566 330 in
593 284 748 330 affli&a
769 284 1010 346 Republica
1035 285 1120 331 effe
1145 286 1422 334 occasionem
1455 299 1485 344 (ἰ

148 355 327 418 sapienti
360 356 458 402 viro
491 357 545 402 ad
575 356 615 402 se
644 355 991 417 proferendum,
1017 370 1061 404 et
1092 358 1137 403 in
1168 358 1348 406 florenti
1375 374 1455 406 ac

147 429 300 487 beata,
318 429 587 511 pecuniam„
606 431 846 489 invidiam,
874 431 990 477 mille
1011 431 1090 477 alia
1116 431 1223 477 vitia
1245 433 1465 490 inermia

148 519 340 566 regnare.
383 506 624 567 Utcunque
661 520 770 566 ergo
798 503 839 550 se
876 501 1130 567 Respublica
1161 505 1282 551 dabit
1303 538 1316 562 ,
1358 520 1464 578 utp'

148 592 322 639 cunque
343 575 524 623 fortuna
542 576 788 639 permittet,
808 577 867 623 ita
890 589 962 623 aut
981 577 1295 639 explicabimus
1321 598 1439 638 nos,¹

142 663 221 701 ⁴aut
253 652 595 698 contrahemus:
628 652 782 714 utique
813 652 1124 714 movebimus,
1155 670 1236 700 nec
1270 655 1429 720 alligati
1457 687 1462 692 -

147 736 266 771 metu
284 723 572 786 torpe-bimus.
591 727 734 771 immo
759 725 829 772 ille
856 727 926 772 vir
948 725 1107 783 fuerit,
1126 727 1202 790 qui
1224 729 1429 790 periculis

148 797 342 862 undique
378 790 734 855 imminentibus,
762 798 890 844 armis
926 798 1039 845 circa
1071 815 1115 845 et
1147 800 1311 847 catenis
1337 800 1425 848 fre<

146 869 400 929 mentibus,
426 886 517 916 non
550 871 721 918 alliserit
753 871 990 927 virtutem,
1019 889 1102 919 nec
1136 872 1426 921 absconderit.

145 934 253 990 Non
280 944 398 990 enim
428 944 582 1001 debet3
611 944 835 991 cernulare
865 944 906 992 se
939 943 1081 990 voluit
1112 962 1194 991 nec
1226 947 1428 995 obruere.

146 1018 210 1063 Ut
241 1017 429 1078 opinor,
459 1016 622 1063 Curius
656 1018 874 1064 Dentatus
904 1016 1067 1072 aiebat,
1102 1018 1234 1064 Malle
1266 1019 1351 1066 effe
1386 1019 1427 1067 se

146 1102 395 1147 mortuum,
414 1107 548 1154 quam
576 1091 745 1138 vivere.
771 1091 989 1137 Ultimum
1020 1091 1234 1138 malorum
1256 1092 1342 1151 est,
1372 1111 1435 1142 ex.

143 1165 358 1212 vivorum
385 1182 573 1212 numero
594 1166 739 1222 exire,
759 1177 991 1228 antequam
1018 1166 1238 1214 moriaris.
1260 1169 1342 1215 Sed
1360 1169 1427 1216 fa·
1445 1193 1448 1195 ¹

145 1238 350 1285 ciendum
380 1239 486 1297 erit,
512 1239 542 1284 fi
570 1239 613 1284 in
644 1238 927 1302 Reipublicae
950 1249 1121 1298 tempus
1149 1240 1292 1287 minus
1315 1252 1429 1290 trac-

145 1313 277 1360 tabile
306 1313 531 1373 incideris,
553 1324 601 1360 ut
629 1313 722 1375 plus
749 1312 846 1360 otio
866 1329 915 1359 ac
937 1313 1073 1360 literis
1096 1313 1323 1362 vindices:
1347 1334 1428 1365 nec

146 1376 269 1432 aliter
293 1391 426 1448 'quam
447 1386 492 1432 in
518 1385 757 1448 periculosa
783 1385 1087 1449 navigatione,
1117 1386 1297 1434 subinde
1318 1407 1428 1452 por-

142 1470 235 1504 tum
266 1470 390 1521 petas,
419 1476 428 1504 :
460 1474 540 1519 nec
574 1458 794 1521 exspectes
825 1459 967 1504 donec
1003 1475 1072 1505 res
1101 1473 1144 1505 te
1179 1458 1428 1524 dimittant,

144 1534 217 1582 secl
243 1534 295 1579 ab
321 1533 401 1580 illis
429 1546 471 1580 te
497 1532 589 1596 ipse
610 1532 846 1595 disiungas.

208 1611 285 1655 IV.
314 1607 528 1670 Inspicere
558 1618 702 1654 autem
722 1606 931 1654 debemus
957 1608 1148 1671 primum
1178 1613 1428 1677 nosmetip-

142 1684 240 1738 sos,
278 1682 434 1728 deinde
464 1697 576 1745 quae
607 1681 885 1744 aggredimur
918 1682 1096 1744 negotia
1116 1719 1128 1739 ‚
1163 1683 1324 1732 deinde
1350 1703 1429 1734 eos

146 1771 337 1819 quorum
364 1752 488 1801 causa
505 1790 517 1812 ‚
544 1765 618 1799 aut
645 1771 747 1801 cum
780 1755 938 1817 quibus
962 1755 1180 1819 agendum
1206 1756 1281 1803 est.
1315 1762 1429 1806 Ante

143 1827 322 1884 omnia,
342 1826 510 1874 necesse
531 1825 591 1872 est
609 1826 650 1872 se
670 1826 809 1889 ipsum
831 1826 1056 1874 aestimare
1073 1845 1082 1874 :
1102 1828 1205 1891 quia
1224 1828 1314 1877 fere
1335 1831 1431 1892 plus

141 1900 274 1948 nobis
306 1899 510 1946 videmur
537 1899 678 1962 poffe,
708 1916 842 1962 quam
886 1899 1125 1960 possumus.
1176 1900 1302 1947 Alius
1331 1902 1428 1949 elo-

142 1973 344 2038 quentiae
382 1971 542 2018 fiducia
579 1973 856 2034 prolabitur:
895 1973 1000 2018 alius
1040 1973 1311 2035 patrimonio
1352 1977 1430 2024 suo

142 2046 238 2109 plus
263 2044 523 2107 imperavit,
561 2061 691 2106 quam
724 2044 836 2090 ferre
868 2043 998 2104 poffit
1026 2062 1036 2088 z
1066 2045 1172 2091 alius
1201 2046 1429 2097 infirmum

144 2135 305 2182 corpus
332 2118 555 2164 laborioso
583 2118 795 2180 oppressit
826 2118 990 2164 officio.
1022 2120 1319 2178 Quoi-iendam
1352 2141 1428 2185 pa·-

143 2207 242 2237 rum
263 2190 424 2236 idonea
443 2189 503 2236 est
522 2190 789 2238 verecundia
810 2190 938 2236 rebus
968 2191 1170 2238 civilibus
1184 2229 1196 2249 ,
1224 2210 1334 2255 quae
1357 2195 1430 2242 fir-

143 2278 262 2309 mam
295 2261 485 2308 fronte‘m
523 2263 765 2308 desiderant
793 2280 803 2307 :
838 2263 1115 2325 quorundam
1150 2267 1428 2315 contumacia

144 2352 238 2383 non
256 2334 360 2382 facit
379 2337 432 2382 ad
459 2338 617 2384 aulam.
653 2338 832 2400 quidam
852 2356 939 2384 non
974 2337 1132 2384 babent
1151 2339 1255 2385 iram
1279 2340 1324 2386 in
1345 2358 1428 2403 po·
1488 2380 1489 2383 ,

143 2408 293 2458 testate
317 2427 330 2458 ε
360 2422 403 2458 et
422 2409 520 2457 illos
546 2412 599 2457 ad
620 2411 853 2459 temeraria
880 2412 1015 2460 verba
1043 2411 1258 2474 quaelibet
1282 2413 1429 2479 indigff
