1741 2919
287 145 376 188 106
444 142 492 188 L.
523 140 964 189 ANN.2SENECAE
993 141 1080 190 DE
1108 144 1210 190 IRA
1234 144 1337 190 ΠΒ.
1366 144 1440 192 ΠΙ.

280 249 520 312 ligatorum
547 267 558 296 τ
589 267 734 313 quos,
767 267 868 298 cum
897 251 1003 298 alter
1035 252 1220 300 alterurn
1244 252 1443 311 vexarit,
1471 251 1571 300 suus

278 324 514 370 conf-eaor
529 325 762 388 exspeiht.
783 326 903 374 Idem
923 327 1121 375 facimus.
1136 327 1323 391 aliquem
1339 325 1572 374 nobiscum

278 398 499 459 alligatum
520 399 763 447 laceffimus
781 418 791 447 ε
812 418 916 447 cum
940 401 1064 449 vi&o
1096 400 1343 464 victorique
1364 399 1460 447 finis
1475 432 1490 456 ‚
1529 415 1573 448 et

277 470 457 533 quidem
488 474 755 532 matutinus,
780 475 1019 522 immineat.
1047 474 1203 534 Quieti
1237 474 1407 536 potius,
1439 491 1572 536 paca-

277 543 428 605 tique,
461 546 902 610 quantulumcunque
936 547 1154 609 superest,
1197 546 1435 609 exigamus.
1466 546 1572 593 nuiii

276 618 472 664 cadaver
500 620 702 666 nostrum
727 619 865 668 iaceat
897 621 1101 667 invisum.
1137 622 1271 683 Saepe
1299 620 1436 667 rixam
1459 638 1573 667 con-

278 690 515 738 clamatum
533 693 579 739 in
599 694 755 740 vicino
779 694 1032 740 incendium
1052 693 1186 741 solvit
1207 712 1216 740 :
1239 705 1281 740 et
1299 694 1572 741 interventus

274 761 421 819 ferae,
448 766 667 813 latronem
689 768 997 830 viatoremque
1019 765 1197 814 diducit.
1212 766 1449 814 Colluctari
1467 784 1569 814 cum

275 837 524 886 minoribus
550 842 674 887 malis
701 858 794 887 non
822 853 976 896 vacat,
997 840 1072 887 ubi
1105 854 1247 887 metus
1273 840 1416 886 maior
1435 858 1570 903 appa·

274 912 375 960 ruit.
408 914 531 974 Quid
553 915 682 962 nobis
714 933 818 962 cum
845 913 1129 961 dimicatione
1154 930 1197 960 et
1223 912 1418 960 insidiis?
1440 930 1569 959 num-

274 985 382 1048 quid
410 987 596 1050 amplius
618 988 680 1033 isti
712 990 782 1036 cui
802 988 998 1036 irasceris
1015 1024 1025 1044 ,
1046 1005 1177 1051 quarn
1200 1000 1392 1033 mortem
1407 986 1568 1048 optas?

273 1058 406 1105 etiam
427 1074 471 1107 te
498 1060 748 1124 quiescente
776 1061 1006 1108 morietur.
1027 1060 1173 1123 perdis
1198 1076 1409 1122 operam:
1427 1057 1571 1105 facere

273 1134 364 1189 vis,
393 1136 516 1197 quod
549 1134 747 1182 futurum
779 1135 853 1183 est.
878 1136 1032 1190 Nolo,
1065 1134 1236 1198 inquis,
1263 1134 1414 1197 utique
1445 1133 1570 1181 occi·

273 1207 406 1265 dere,
426 1209 497 1256 sed
523 1207 676 1257 exsilio
692 1246 705 1266 ‚
723 1209 796 1256 sed
819 1209 1063 1274 ignominia
1077 1245 1090 1267 ,
1111 1209 1185 1255 sed
1200 1209 1366 1255 damno
1383 1207 1573 1255 afficere.

272 1280 417 1343 Magis
438 1280 622 1344 ignosco
643 1281 707 1339 ei,
732 1282 807 1345 qui
831 1281 993 1328 vulnus
1013 1280 1208 1337 inimici,
1229 1297 1363 1343 quam
1384 1280 1459 1343 qui
1490 1299 1571 1343 pu-

271 1350 405 1398 sulam
427 1352 716 1415 concupiscit.
742 1354 815 1400 hic
839 1352 958 1400 enim
988 1369 1082 1399 non
1102 1364 1270 1399 tantum
1300 1352 1401 1398 mali
1436 1352 1571 1400 animi

272 1424 361 1482 est,
387 1426 461 1473 sed
493 1425 647 1488 pufilli.
680 1427 783 1475 Sive
823 1427 877 1473 de
909 1425 1076 1473 ultimis
1107 1425 1332 1489 suppliciis
1370 1426 1569 1490 cogitas,

272 1499 362 1545 five
380 1501 434 1547 de
458 1500 728 1557 levioribus;
757 1500 1017 1564 quantulum
1039 1498 1100 1546 est
1119 1500 1333 1563 temporis
1348 1536 1361 1558 ,
1384 1516 1477 1563 quo
1497 1512 1570 1546 aut

269 1574 342 1622 ilie
368 1592 510 1637 poena
535 1575 606 1622 sua
624 1587 907 1639 torqueatur,
929 1585 1004 1620 aut
1029 1589 1078 1621 tu
1098 1574 1263 1621 malum
1288 1575 1496 1638 gaudium
1517 1592 1570 1622 ex

270 1651 412 1698 aliena
430 1652 645 1716 percipias
665 1653 681 1699 ?
705 1656 794 1699 Iam
816 1651 955 1715 ipsum
982 1640 1178 1715 spiritum
1205 1650 1484 1714 exspuimuS,
1504 1652 1568 1698 in-

270 1724 397 1771 terim
421 1726 526 1772 dum
541 1726 764 1773 trahimus.
785 1727 912 1773 Dum
932 1727 1045 1773 inter
1071 1725 1274 1772 homines
1293 1724 1440 1772 sumus
1459 1762 1471 1783 ‚
1493 1741 1567 1772 co-

269 1800 408 1846 lamus
439 1800 783 1848 humanitatem:
817 1817 909 1846 non
941 1799 1092 1847 timori
1113 1798 1350 1863 cuiquam,
1383 1791 1473 1845 non
1494 1816 1569 1862 pe-

270 1873 415 1920 riculo
441 1874 572 1921 fimus
593 1893 604 1921 z
626 1875 912 1933 detrimenta,
943 1874 1123 1921 iniurias
1139 1910 1152 1932 ‚
1183 1875 1413 1931 convicia,
1443 1874 1566 1921 velli-

271 1946 468 1993 cationes
490 1962 828 1996 contemnamus
842 1985 855 2006 ,
872 1960 914 1995 et
934 1964 1096 2011 magno
1115 1947 1266 1994 animo
1287 1948 1435 1996 brevia
1457 1944 1565 1994 fera-

271 2038 368 2067 mus
401 2021 707 2069 incommoda.
746 2024 871 2071 Dum
911 2023 1166 2085 respicimus
1196 2059 1209 2080 ,
1246 2023 1371 2086 quod
1408 2022 1566 2082 aiunt,

270 2095 589 2160 versamusque
615 2113 724 2156 nos,
757 2097 845 2143 iam
870 2097 1111 2144 mortalitas
1139 2097 1295 2144 aderit.
