1741 2919
290 141 355 205 98
523 142 572 186 L„
627 140 937 187 ANNAEI
997 136 1364 189 SENECAE

290 262 426 309 <quam
455 243 635 291 humilia
663 258 707 292 et
735 244 902 292 abiecta
929 246 1036 306 sun,
1063 246 1172 293 nulli
1195 247 1271 311 qui
1293 246 1430 294 altum
1460 247 1588 312 quid-

289 322 391 368 dam
419 330 491 366 aut
522 317 806 383 magnificum
830 321 1024 383 cogitat,
1053 322 1339 384 respicienda.
1357 323 1487 369 Circa
1515 341 1591 385 pe—

290 392 472 440 cuniam
507 389 748 454 plurimum
776 391 1114 440 vociferationis
1134 393 1221 440 est:
1246 394 1355 441 haec
1387 393 1484 441 fora
1512 397 1592 443 de·-

292 465 443 528 satigat
457 500 470 522 ‚
490 478 634 526 patres
652 462 905 528 liberosque
926 466 1193 522 committit,
1219 483 1390 515 venena
1411 469 1563 516 miscet
1577 504 1590 527 ,

288 537 461 602 gladios
502 549 592 583 tam
633 536 960 598 percussoribus
994 555 1128 602 quam
1164 540 1412 605 legionibus
1447 544 1594 590 tradit.

290 610 399 657 haec
424 608 486 656 est
509 609 715 673 sanguine
734 608 889 656 nostro
913 610 1120 659 delibuta.
1139 626 1322 677 propter
1350 614 1462 662 hanc
1482 634 1593 663 uxo-

291 699 390 729 rum
411 680 766 744 maritorumque
788 682 939 728 noc‘oes
966 681 1162 746 strepunt
1181 685 1330 733 litibus
1348 722 1362 745 ,
1381 699 1424 734 et
1447 689 1591 735 tribu-

292 755 406 801 nalia
445 752 771 817 magistratuum
802 754 966 816 premit
1005 757 1131 803 turba
1158 777 1168 804 :
1203 777 1328 823 reges
1360 760 1591 819 saeviunt,

293 828 560 893 rapiuntque
589 862 603 884 ,
637 839 682 875 et
722 827 923 876 civitates
957 828 1099 894 longo
1142 832 1392 881 seculorum
1436 835 1589 883 labore

289 903 563 953 construetas
589 914 827 959 evertunt,
856 915 902 949 ut
924 921 1084 952 aurum
1114 919 1432 972 argentumque
1458 908 1503 955 in
1527 909 1593 957 ci-

290 994 398 1026 nere
425 975 605 1022 urbium
633 975 900 1023 scrutentur.

358 1046 576 1099 XXXIII.
607 1050 736 1098 Libet
767 1049 927 1098 intueri
959 1049 1090 1098 fiscos
1120 1051 1167 1097 in
1200 1053 1362 1118 angulo
1390 1054 1592 1104 iacentes.

291 1127 353 1174 Hi
385 1127 508 1182 sunt,
541 1140 725 1188 propter
751 1141 864 1188 quos
890 1125 1009 1172 oculi
1036 1126 1231 1174 clamore
1255 1128 1589 1191 exprimuntur:

292 1202 476 1250 fremitu
516 1200 789 1247 iudiciorum
824 1199 1022 1246 basilicae
1055 1200 1290 1250 resonant:
1325 1205 1502 1252 evocati
1537 1223 1592 1253 ex

292 1275 548 1340 longinquis
583 1274 841 1339 regionibus
886 1274 1054 1321 iudices
1093 1275 1283 1334 sedent,
1321 1277 1590 1339 iudicaturi,

292 1348 431 1396 utrius
453 1346 606 1393 iustior
633 1346 816 1394 avaritia
842 1346 907 1394 fit.
937 1348 1063 1408 Quid
1090 1347 1120 1393 fi
1145 1365 1199 1394 ne
1225 1363 1410 1413 propter
1436 1350 1591 1408 fiscum

289 1423 501 1487 quidem,
523 1420 594 1467 sed
624 1437 818 1484 pugnum
847 1422 957 1468 aeris
973 1458 985 1479 ‚
1011 1433 1086 1468 aut
1117 1421 1382 1484 imputatum
1410 1441 1434 1470 a
1460 1425 1590 1472 servo

290 1498 552 1554 denarium,
588 1495 716 1543 senex
752 1494 841 1542 fine
871 1496 1033 1544 herede
1076 1496 1320 1546 moriturus
1356 1497 1589 1547 stomacho

290 1570 592 1633 dirumpitur?
618 1569 741 1631 Quid
774 1567 804 1615 fi
834 1583 1022 1633 propter
1053 1569 1228 1618 usuram
1261 1571 1380 1619 haud
1409 1572 1590 1621 millesi-

289 1663 408 1693 mam
423 1682 436 1703 ‚
463 1644 804 1694 valetudinarius
823 1643 1080 1692 foenerator
1098 1644 1291 1693 distortis
1309 1646 1492 1709 pedibus
1504 1683 1518 1706 ‚
1544 1659 1590 1696 et

290 1720 493 1768 manibus
521 1719 576 1766 ad
594 1718 948 1782 computandum
967 1719 1107 1766 modo
1127 1720 1286 1767 relictis
1299 1753 1313 1775 ‚
1333 1721 1490 1768 clamat
1504 1758 1519 1779 ‚
1536 1738 1589 1771 ac

287 1809 369 1857 per
388 1793 650 1840 vadimonia
673 1792 780 1840 ass'es
805 1792 904 1840 suos
919 1792 964 1839 in
980 1792 1079 1856 ipsis
1103 1794 1251 1841 morbi
1269 1793 1589 1842 acceffionibus

287 1866 521 1915 vindicat?
547 1866 591 1912 Si
616 1879 759 1913 totam
783 1864 892 1912 mihi
917 1882 973 1912 ex
994 1866 1203 1913 omnibus
1229 1867 1413 1913 metallis
1431 1902 1444 1925 ,
1475 1884 1588 1931 quae

287 1957 390 1987 cum
412 1940 606 1987 maxime
628 1939 934 2004 depromimus
950 1973 964 1995 ‚
986 1940 1218 2002 pecuniam
1247 1940 1470 2004 proferas,
1488 1940 1519 1986 fi
1539 1942 1587 1987 in

286 2014 486 2060 medium
512 2013 720 2076 proiicias
748 2014 967 2078 quidquid
992 2013 1180 2060 thesauri
1201 2026 1372 2079 tegunt,
1398 2015 1587 2062 avaritia

286 2088 448 2135 iterum
473 2088 551 2134 sub
572 2101 709 2136 terras
728 2089 943 2137 referente
962 2106 1075 2153 quae
1094 2090 1205 2136 male
1229 2090 1460 2154 egefferat3
1479 2107 1584 2136 om-

286 2180 390 2209 nem
411 2163 540 2208 istam
553 2164 807 2227 congeriem
828 2165 1006 2228 dignam
1029 2180 1121 2210 non
1140 2180 1313 2227 putem,
1330 2181 1440 2227 quae
1458 2163 1584 2212 fron·

284 2247 372 2281 tem
401 2236 489 2282 viri
525 2237 635 2282 boni
664 2236 909 2283 contrahat.
939 2238 1124 2296 Quanto
1157 2235 1244 2283 risu
1274 2236 1583 2325 prosequenda

284 2308 406 2365 sunt,
431 2327 544 2371 quae
565 2310 696 2357 nobis
715 2311 916 2357 lacrimas
937 2310 1167 2358 educunt?

350 2384 571 2430 XXXIV.
605 2385 733 2431 Cedo
760 2402 906 2439 nunc,
933 2384 1190 2447 persequere
1222 2395 1364 2431 cetera
1381 2419 1396 2439 ‚
1428 2382 1552 2429 cibos
1569 2418 1582 2437 ,

279 2458 519 2520 potiones,
561 2460 814 2523 horumque
849 2459 973 2508 causa
1012 2470 1208 2522 paratam
1244 2457 1533 2504 ambitionem
1563 2491 1579 2514 ‚
