1741 2919
318 141 822 192 CONSOLANO
869 139 969 186 AD
1022 139 1275 186 POLYB.
1370 152 1450 198 153

175 267 267 301 non
301 255 409 302 vult.
459 254 579 313 Quid
617 252 763 314 itaque
799 250 921 296 iuvat
954 249 1110 294 dolore
1143 246 1410 293 intabescere
1450 261 1463 290 t

155 345 304 392 quem
322 364 335 383 ,
355 328 383 373 si
411 329 507 390 quis
539 326 754 373 defunctis
780 323 921 370 sensus
947 323 1028 381 est,
1052 321 1170 368 finiri
1201 321 1335 367 frater
1359 334 1461 366 tuus

172 402 326 465 cupit?
348 403 422 449 De
443 401 530 447 alio
556 400 686 446 fratre
702 434 717 455 ‚
745 397 865 444 cuius
894 397 1060 443 incerta
1080 394 1222 458 poffet
1253 393 1460 441 voluntas

171 474 349 533 videri,
382 475 532 532 omnia
564 473 672 518 haec
707 471 837 517 dubie
868 486 1111 533 ponerem,
1149 483 1192 515 et
1224 467 1414 513 dicerem
1444 483 1457 509 :

172 548 274 596 Sive
292 561 334 595 te
348 547 548 611 torqueri
567 546 757 592 lacrimis
772 561 998 607 nunquam
1018 543 1309 591 desinentibus
1326 541 1461 588 frater
1513 586 1515 588 .

170 637 268 668 tuus
297 621 447 684 cupit,
474 620 678 683 indignus
708 619 795 665 hoc
822 617 977 670 affectu
1005 629 1087 664 tuo
1116 616 1175 663 est
1202 635 1212 662 :
1244 615 1333 663 five
1368 631 1460 661 non

171 693 293 750 vult,
313 692 485 755 utrique
511 691 704 738 vestrum
729 691 915 738 inertem
940 691 1145 737 dolorem
1166 689 1351 735 dimitte.
1378 704 1460 734 nec

169 765 328 828 impius
355 765 488 812 frater
515 765 575 812 fic
597 766 828 812 desiderari
854 766 1014 820 debet,
1038 781 1117 811 nec
1143 765 1241 827 pius
1259 763 1316 810 fic
1337 763 1461 809 velit.

168 839 217 882 In
237 838 324 885 hoc
344 853 481 893 vero,
510 837 634 883 cuius
666 849 753 883 tam
781 836 1003 899 explorata
1033 837 1196 898 pietas,
1223 851 1308 897 pro
1334 849 1460 882 certo

167 909 416 957 habendum
433 910 515 969 est,
536 910 642 976 nihil
661 911 745 957 effe
765 910 829 956 illi
845 910 967 973 poffe
987 910 1185 957 acerbius
1201 942 1214 965 ,
1231 927 1362 971 quam
1381 909 1458 955 hic

168 983 200 1029 fi
219 984 298 1030 tibi
318 984 437 1031 casus
458 984 550 1031 eius
568 986 747 1031 acerbus
767 984 828 1032 est
845 1021 858 1043 ‚
886 984 916 1030 fi
936 1000 979 1032 te
1000 984 1089 1031 ullo
1108 985 1248 1031 modo
1268 997 1461 1047 torquet.

168 1057 199 1103 fi
236 1058 394 1105 oculos
431 1073 560 1115 tuos,
598 1058 917 1122 indignissimos
949 1057 1037 1104 hoc
1070 1057 1215 1114 malo,
1247 1057 1334 1103 fine
1364 1056 1460 1103 ullo

168 1130 302 1178 flendi
330 1131 417 1178 fine
444 1148 488 1180 et
515 1133 754 1180 conturbat
785 1131 904 1178 idem
935 1146 978 1178 et
1010 1130 1222 1177 exhaurit.
1249 1129 1460 1176 Pietatem

165 1215 289 1250 tuam
314 1217 461 1251 tamen
481 1204 591 1261 nihil
612 1221 749 1267 aeque
769 1221 791 1250 a
813 1202 1001 1250 lacrimis
1030 1218 1118 1249 tam
1138 1201 1460 1248 inutilibus‘ab·

167 1279 297 1326 ducet
312 1315 327 1336 ‚
356 1268 486 1342 quam
505 1279 536 1325 fi
556 1279 845 1343 cogitaveris,
866 1279 1072 1326 fratribus
1090 1291 1132 1325 te
1149 1279 1236 1327 tuis
1253 1278 1458 1341 exemplo

167 1351 254 1399 effe
274 1353 433 1399 debere
448 1385 463 1408 ,
483 1352 658 1399 fortiter
677 1354 786 1400 banc
802 1353 1006 1400 fortunae
1025 1353 1226 1399 iniuriam
1250 1352 1458 1400 sustinen-

166 1425 226 1472 di.
243 1426 383 1490 Quod
401 1427 534 1473 duces
561 1425 709 1490 magni
731 1426 922 1483 faciunt,
948 1427 1076 1474 rebus
1101 1427 1265 1475 affectis
1282 1463 1296 1486 ‚
1316 1441 1365 1474 ut
1384 1427 1457 1474 hi·-

163 1499 379 1547 laritatem
397 1500 451 1548 de
467 1499 675 1547 industria
694 1499 895 1547 fimulent
910 1537 923 1560 ‚
937 1513 979 1547 et
998 1500 1199 1548 adversas
1217 1518 1284 1548 res
1301 1501 1457 1548 adum-

163 1573 285 1621 brata
309 1573 474 1622 laetitia
491 1574 788 1632 abscondant,
808 1585 862 1621 ne
888 1575 1075 1622 militum
1098 1575 1231 1622 animi
1251 1609 1264 1630 ‚
1286 1574 1314 1621 fi
1334 1575 1454 1624 frac-

162 1660 255 1696 tam
279 1647 403 1696 ducis
431 1647 493 1695 sui
518 1660 713 1694 mentem
733 1648 952 1707 viderint,
972 1660 1014 1695 et
1037 1649 1117 1712 ipfi
1146 1649 1417 1697 collabantur
1438 1667 1452 1698 τ

162 1723 209 1770 id
228 1739 346 1770 nunc
367 1722 448 1769 tibi
466 1738 648 1786 quoque
676 1722 924 1770 faciendum
947 1723 1021 1771 est.
1046 1725 1183 1772 Indue
1203 1724 1451 1774 dissimilem

161 1797 314 1844 animo
341 1808 420 1844 tuo
443 1798 616 1844 vultum
631 1834 644 1857 ,
663 1810 731 1856 et,
755 1796 785 1844 fi
814 1810 966 1861 potes,
997 1798 1168 1862 proiice
1192 1815 1372 1846 omnem
1393 1815 1450 1845 ex

161 1881 263 1915 toto
285 1868 490 1916 dolorem
511 1886 522 1914 ε
542 1869 604 1915 fin
622 1870 765 1916 minus
779 1902 793 1926 ‚
817 1871 1029 1918 introrsus
1049 1872 1159 1918 abde
1181 1883 1223 1919 et
1245 1871 1448 1928 contine,

160 1960 217 1991 ne
247 1955 480 2008 appareat,
515 1957 559 1991 et
587 1945 641 1991 da
668 1962 882 2009 operam,
913 1959 962 1994 ut
992 1946 1145 1994 fratres
1174 1946 1239 1993 tui
1272 1960 1316 1994 te
1346 1947 1448 1993 imi-

160 2029 310 2065 tentur
339 2036 350 2065 ε
381 2018 461 2082 qui
490 2018 721 2066 honestum
755 2021 969 2085 putabunt
991 2056 1004 2079 ‚
1040 2020 1344 2085 quodcunque
1379 2021 1446 2068 fa-

159 2091 348 2141 cientem
369 2092 590 2148 viderint,
615 2093 902 2158 animumque
932 2111 985 2142 ex
1004 2095 1133 2141 vultu
1159 2107 1238 2142 tuo
1259 2097 1445 2144 sument.

158 2168 216 2213 Et
257 2165 456 2212 solatium
501 2165 632 2213 debes
674 2166 757 2213 effe
780 2204 794 2225 ,
840 2181 885 2215 et
926 2168 1179 2216 consolator
1213 2168 1393 2215 illorum
1428 2188 1442 2218 ε

159 2255 253 2285 non
280 2239 447 2301 poteris
480 2252 624 2288 autem
650 2239 812 2289 horum
843 2241 1039 2288 moerori
1070 2240 1270 2300 obstare,
1299 2241 1330 2288 fi
1360 2257 1442 2290 tuo

157 2310 398 2359 indulseris.

224 2387 379 2435 XXV.
397 2387 540 2436 Potest
557 2400 600 2436 et
618 2388 685 2436 illa
702 2405 770 2436 res
787 2405 811 2435 a
827 2388 944 2435 luctu
962 2399 1004 2435 te
1024 2389 1258 2452 prohibere
1276 2391 1443 2454 nimio,

155 2459 188 2509 fi
218 2460 298 2510 tibi
334 2460 424 2526 ipse
456 2462 771 2515 renuntiaveris
792 2496 808 2522 ‚
841 2465 953 2516 nihil
982 2463 1148 2515 horum
1185 2482 1299 2531 quae
1333 2467 1440 2517 facis
