1741 2919
309 138 365 186 16
563 139 611 184 L.
660 136 958 184 ANNAEI
1004 137 1359 185 SENECAE

301 247 409 293 dum
426 245 726 293 circumvallat
740 278 754 301 ‚
782 262 824 293 et
842 245 1024 293 includit
1045 247 1212 295 hostem
1229 284 1244 307 ,
1269 265 1325 296 eo
1343 248 1584 312 compulit,

304 333 351 367 ut
370 319 490 365 ferro
510 318 587 380 ipfi
608 318 684 365 suo
701 320 922 367 caderent.

369 396 470 443 X11.
489 395 595 439 Non
619 394 679 440 est
703 395 846 456 itaque
865 394 981 442 utilis
996 432 1009 449 ,
1029 413 1110 444 nec
1137 395 1181 442 in
1208 398 1388 459 proeliis
1406 398 1583 462 quidem

303 481 376 515 aut
395 468 440 513 in
469 465 592 513 bellis
618 468 697 511 Ira.
725 469 772 511 ln
802 467 1088 514 temeritatem
1117 469 1233 514 enim
1260 486 1401 531 prona
1425 471 1486 517 est
1506 503 1520 525 ‚
1544 483 1587 518 et

302 539 498 604 pericula
518 539 622 584 dum
649 537 812 585 inferre
840 538 957 596 vult,
980 556 1071 585 non
1098 554 1238 588 cavet.
1259 542 1331 587 llla
1360 543 1589 590 certiffima

301 614 363 662 est
384 614 550 671 virtus,
584 628 693 675 quae
718 611 759 658 se
783 612 858 658 diu
883 612 1156 674 multumque
1184 614 1514 678 circumspexit,
1545 627 1590 663 et

302 689 434 743 texit3
459 700 503 734 et
527 703 581 732 ex
607 685 730 732 lento
750 703 799 732 ac
818 685 1031 731 destinato
1051 687 1272 748 provexit.
1296 690 1421 749 Quid
1440 706 1549 753 ergo
1569 690 1588 736 ?

304 762 472 824 inquit,
498 761 568 808 vir
585 761 729 807 bonus
747 777 834 806 non
854 761 1081 817 irascetur,
1101 760 1128 804 fi
1147 762 1267 806 caedi
1286 775 1450 822 patrem
1469 763 1591 809 suum

302 833 493 890 viderit,
526 834 556 879 fi
574 834 666 896 rapi
688 848 871 881 matrem
890 839 905 879 ?
927 835 1032 879 Non
1052 833 1256 879 irascetur
1270 869 1283 890 ,
1301 833 1373 878 sed
1391 833 1590 880 vindica-

305 906 400 966 bit,
430 907 502 953 sed
529 908 735 953 tuebitur.
769 906 895 967 Quid
925 920 1066 952 autem
1092 905 1241 958 times,
1270 920 1324 950 ne
1348 922 1499 967 parurn
1531 906 1593 953 illi

307 999 485 1045 magnus
513 981 733 1038 stimulus,
759 982 888 1026 etiam
921 980 1007 1026 fine
1031 980 1116 1034 ira,
1150 979 1285 1041 pietas
1303 978 1386 1025 fit?
1414 983 1502 1029 Aut
1521 981 1593 1028 dic

307 1057 467 1103 eodem
490 1054 652 1100 modo:
673 1054 802 1114 Quid
816 1053 956 1115 ergo?
978 1071 1078 1100 cum
1097 1053 1256 1099 viderit
1276 1052 1403 1099 secari
1425 1066 1592 1116 patrem

308 1128 458 1184 suum,
487 1126 711 1184 filiumve,
737 1127 807 1173 vir
824 1127 969 1173 bonus
996 1143 1086 1172 non
1112 1126 1258 1184 flebit,
1280 1143 1360 1172 nec
1376 1126 1596 1190 linquetur

306 1201 457 1247 animo
475 1201 492 1247 ἒ
512 1218 623 1264 quae
650 1199 852 1247 accidere
873 1199 1047 1246 feminis
1066 1200 1292 1254 videmus,
1321 1199 1491 1262 quoties
1507 1199 1596 1246 illas

307 1275 417 1322 levis
447 1274 631 1337 periculi
651 1273 836 1335 suspicio
857 1273 1056 1336 perculit.
1085 1273 1247 1319 Officia
1267 1274 1337 1319 sua
1356 1272 1426 1319 vir
1454 1272 1596 1319 bonus

306 1346 553 1411 exsequitur
574 1345 853 1402 inconfuffis,
881 1345 1152 1407 intrepidus:
1183 1358 1225 1393 et
1257 1345 1313 1391 s1c
1343 1344 1465 1390 bono
1496 1345 1597 1391 viro

307 1419 439 1481 digna
458 1417 588 1464 faciet
608 1450 622 1472 ‚
641 1433 690 1464 ut
708 1418 815 1463 nihil
835 1417 962 1464 faciat
982 1418 1081 1463 viro
1100 1417 1341 1479 indignum.
1359 1418 1484 1462 Pater
1501 1433 1597 1462 cae-

309 1491 466 1537 detur?
484 1489 732 1536 defendam.
749 1490 893 1536 caesus
913 1489 1000 1535 est?
1021 1489 1251 1550 exsequar:
1272 1489 1373 1551 quia
1390 1503 1569 1551 oportet
1582 1523 1596 1545 ‚

310 1579 402 1609 non
422 1562 526 1625 quia
545 1561 677 1607 dolet.
698 1562 815 1608 Cum
835 1563 922 1608 hoc
941 1561 1074 1616 dicis,
1102 1559 1405 1621 Theophraste
1420 1595 1432 1617 ‚
1465 1575 1599 1622 quae-

313 1637 372 1682 ris
390 1635 600 1681 invidiam
621 1636 865 1697 praeceptis
885 1633 1167 1690 fortioribus,
1186 1646 1250 1689 et,
1271 1633 1420 1678 relicto
1438 1631 1600 1687 iudice,

312 1709 367 1754 ad
387 1724 598 1754 coronam
614 1707 751 1753 venis.
770 1707 873 1770 quia
892 1707 1187 1769 unusquisque
1207 1705 1251 1750 in
1266 1705 1483 1751 eiusmodi
1502 1704 1601 1750 suo-

308 1799 409 1828 rum
429 1780 526 1827 casu
544 1779 767 1837 irascitur,
792 1795 916 1842 putas
936 1770 1206 1826 iudicaturos
1223 1778 1426 1825 homines
1441 1779 1484 1824 id
1508 1777 1602 1825 fieri

313 1856 475 1902 debere
486 1890 498 1913 ,
518 1855 639 1917 quod
657 1853 835 1899 faciunt.
855 1856 959 1899 Fere
980 1853 1095 1898 enim
1114 1851 1271 1898 iustum
1284 1851 1468 1915 quisque
1480 1850 1602 1897 affec-

313 1943 410 1976 tum
430 1929 620 1985 iudicat,
638 1943 773 1990 quem
795 1927 1002 1990 agnoscit.
1029 1924 1273 1972 Irascuntur
1290 1925 1397 1971 boni
1417 1925 1502 1971 viri
1520 1940 1603 1987 pro

314 2003 495 2050 suorum
520 2001 687 2048 iniuriis
706 2019 715 2046 z
736 2000 807 2047 sed
835 2002 952 2047 idem
974 2001 1158 2058 faciunt,
1184 2000 1213 2046 si
1233 1999 1352 2046 calda
1380 2015 1469 2045 non
1492 1999 1603 2045 bene

316 2075 549 2140 praebetur
562 2108 575 2127 ‚
595 2072 625 2119 fi
644 2073 834 2121 vitreum
852 2074 1032 2120 fractum
1046 2073 1130 2130 est,
1149 2072 1178 2117 fi
1196 2071 1364 2117 calceus
1379 2071 1471 2118 luto
1486 2071 1604 2134 spar-

316 2148 385 2194 sus
410 2146 482 2193 est.
505 2149 609 2192 Non
630 2145 765 2208 pietas
782 2145 897 2192 illam
916 2147 1023 2192 iram
1039 2180 1052 2202 ‚
1082 2143 1155 2190 sed
1175 2142 1402 2188 infirmitas
1419 2154 1571 2189 movet
1591 2160 1601 2188 :

317 2219 427 2265 ficut
448 2218 570 2280 pueri
582 2253 596 2276 9
616 2218 691 2280 qui
711 2234 797 2264 tam
818 2218 1069 2279 parentibus
1086 2215 1243 2262 amiffis
1263 2214 1429 2260 flebunt
1442 2250 1454 2271 ‚
1472 2231 1604 2277 quam

321 2291 520 2338 nucibus.
541 2291 664 2337 [rasti
683 2307 767 2353 pro
783 2290 868 2336 suis
880 2326 893 2348 ‚
911 2307 1001 2336 non
1013 2289 1073 2346 est
1089 2288 1151 2351 pii
1168 2287 1325 2341 animi,
1345 2286 1415 2332 sed
1432 2285 1607 2335 infirmi.

319 2364 427 2409 Illud
446 2364 676 2425 pulchrum
697 2363 971 2426 dignumque
1000 2359 1275 2424 parentibus,
1304 2358 1474 2416 liberis,
1499 2358 1607 2404 ami-

318 2435 406 2494 cis,
424 2436 597 2485 civibus
618 2436 799 2499 prodire
823 2434 1100 2484 defensorem
1114 2469 1129 2494 ‚
1153 2432 1249 2496 ipso
1269 2432 1422 2481 officio
1442 2433 1603 2479 ducen-
