1741 2919
307 141 395 186 292
539 128 587 172 L.
646 125 939 171 Abire-‘set
991 126 1345 173 SENECAE

300 234 452 281 aversa
472 232 532 280 est
548 268 562 292 ‚
581 245 625 280 et
653 231 934 297 quaestuosae
952 234 1111 280 domus
1129 233 1263 298 gratia
1286 246 1450 298 crepta.
1475 232 1580 280 haec

300 307 453 370 effugit
484 306 652 370 sapiens
670 342 684 364 ‚
713 306 791 370 qui
811 305 948 373 nescit
977 307 1125 354 necin
1146 306 1243 371 spe,
1280 323 1361 354 nec
1386 306 1432 352 in
1459 317 1580 352 metu

297 382 466 429 vivere.
500 382 655 429 Adiice
689 398 837 437 nunc,
870 382 991 445 quod
1024 380 1226 428 iniuriam
1259 396 1391 427 nemo
1411 379 1579 425 immo-

294 466 337 501 ta
356 470 502 502 mente
522 453 698 517 accipit,
719 453 793 501 sed
813 455 867 500 ad
887 453 1051 501 sensum
1074 454 1164 501 eius
1185 454 1488 518 perturbatur:
1509 468 1579 499 ca-

294 543 361 575 ret
377 541 520 577 autem
540 527 873 590 perturbatione
894 528 963 573 vir
989 529 1153 575 ereEtus
1173 546 1183 575 :
1205 529 1460 575 moderator
1478 525 1542 572 sui
1557 561 1572 584 ,

293 603 400 650 altae
420 602 577 666 quietis
604 614 647 648 et
667 601 874 664 placidae.
899 603 1015 648 Nam
1040 602 1071 648 fi
1090 603 1210 648 illum
1232 601 1368 665 tangit
1386 600 1543 647 iniuria
1561 636 1577 659 ,

294 693 337 724 et
359 686 533 733 movet,
553 687 596 722 et
614 675 811 738 impedit.
841 687 960 722 caret
980 687 1123 722 autem
1143 676 1207 721 ira
1226 675 1421 738 sapiens,
1441 690 1574 738 quam

293 749 453 797 excitat
471 748 655 795 iniuriae
675 747 836 810 species
858 766 868 794 ;
891 764 972 795 nec
991 748 1116 794 aliter
1140 759 1303 795 careret
1322 747 1412 806 ira,
1434 746 1513 793 nifi
1532 758 1576 794 et

289 821 469 879 iniuria,
489 837 620 885 quam
641 819 716 866 scit
733 819 813 866 sibi
833 837 922 866 non
946 820 1069 883 posse
1091 819 1201 867 fieri.
1219 820 1321 866 Inde
1340 833 1430 867 tam
1451 837 1576 867 erec-

289 910 360 944 tus
379 897 605 959 laetusque
624 894 685 942 est
701 930 715 952 ‚
735 893 837 941 inde
867 895 1085 942 continuo
1104 894 1268 958 gaudio
1288 895 1440 952 elatus,
1461 894 1575 941 adeo

290 969 345 1014 ad
379 967 646 1015 offensiones
681 983 828 1014 rerum
859 967 1181 1030 hominumque
1217 983 1307 1013 non
1346 966 1575 1014 contrahi-

288 1125 487 1161 mentum
519 1112 582 1160 sui
614 1112 760 1175 capit,
794 1124 837 1159 et
872 1114 1083 1159 virtutem
1111 1127 1265 1161 tentat.
1302 1117 1571 1170 Faveamus‚

286 1188 475 1234 obsecro
500 1203 583 1235 vos
597 1222 609 1244 ,
630 1186 736 1234 huic
756 1185 1009 1250 proposito,
1029 1187 1266 1251 aequisque
1286 1200 1329 1235 et
1346 1187 1501 1235 animis
1529 1200 1573 1234 et

285 1261 461 1308 auribus
481 1259 680 1318 affimus,
701 1260 805 1306 dum
824 1259 992 1322 sapiens
1016 1259 1199 1307 iniuriae
1218 1259 1435 1323 excipitur
1454 1278 1465 1307 :
1488 1277 1578 1308 nec.

284 1336 527 1399 quidquam
559 1334 660 1381 ideo
682 1333 948 1397 petulantiae
970 1332 1168 1389 nostrae,
1194 1346 1267 1380 aut
1291 1333 1570 1398 rapaciffimis

283 1410 594 1473 cupiditatibus
607 1444 619 1466 ‚
643 1421 718 1454 aut
738 1425 891 1456 caecae
909 1407 1143 1455 temeritati
1162 1408 1475 1472 superbiaeque
1496 1408 1566 1455 de-

281 1485 477 1531 trahitur.
513 1474 650 1531 Salvis
679 1483 799 1530 vitiis
832 1482 1011 1540 vestris,
1041 1482 1148 1529 haec
1172 1481 1354 1544 sapienti
1386 1478 1587 1530 libertas'

279 1558 521 1620 quaeritur.
557 1573 648 1603 non
666 1569 714 1603 ut
740 1555 872 1603 vobis
899 1555 1041 1602 facere
1065 1571 1156 1601 non
1182 1554 1311 1602 liceat
1333 1555 1560 1613 iniuriam,

276 1631 477 1694 agimus;
511 1630 584 1677 sed
611 1643 659 1677 ut
687 1630 758 1675 ille
789 1645 943 1675 omnes
973 1627 1150 1674 iniurias
1175 1627 1221 1673 in
1252 1627 1386 1674 altum
1415 1626 1566 1674 dimit-

276 1713 359 1758 tat,
385 1702 679 1766 patientiaque
707 1701 749 1749 se
777 1717 828 1747 ac
846 1701 1146 1765 magnitudine
1185 1701 1320 1747 animi
1349 1700 1566 1748 defendat.

273 1777 343 1823 Sic
372 1776 418 1823 in
444 1776 753 1824 certaminibus
778 1775 906 1823 sacris
937 1777 1140 1840 plerique
1167 1775 1339 1834 vicere,
1369 1776 1558 1822 caeden-

274 1850 381 1894 tium
415 1866 566 1897 manus
595 1850 807 1897 obstinata
844 1849 1051 1913 patientia
1082 1850 1324 1913 fatigando.
1378 1853 1441 1896 Ex
1475 1851 1564 1898 hoc

272 1934 373 1983 puta
392 1939 550 1986 genere
569 1923 806 1985 sapientem
826 1938 999 1981 eorum,
1018 1923 1096 1985 qui
1116 1922 1432 1969 exercitatione
1453 1922 1557 1968 lon-

270 2010 323 2055 ga
349 2010 399 2040 ac
431 1993 577 2052 fideli,
611 1996 751 2041 robur
782 1995 1058 2057 perpetiendi
1086 1994 1351 2060 lassandique
1377 2012 1562 2043 omnem

268 2067 494 2114 inimicam
519 2069 611 2115 vim
645 2069 869 2116 consecuti
896 2069 1009 2116 sunt.

333 2141 392 2187 X.
412 2142 640 2201 Quoniam
668 2142 865 2205 priorem
884 2154 1053 2206 partem
1076 2142 1396 2206 percurrimus,
1423 2143 1479 2189 ad
1498 2141 1559 2189 al-

265 2223 402 2258 teram
429 2214 697 2261 transeamus
725 2233 735 2260 :
771 2231 859 2277 qua
901 2214 987 2259 iam
1025 2215 1287 2278 quibusdam
1319 2215 1511 2277 propriis
1543 2235 1573 2272 ,·

266 2286 487 2349 plerisque
519 2305 631 2335 vero
655 2287 969 2334 communibus
1000 2289 1318 2335 contumeliam
1344 2288 1556 2335 refutabi-

265 2377 376 2406 mus.
406 2361 477 2406 Est
498 2361 647 2408 minor
666 2361 849 2420 iniuria,
868 2377 1002 2425 quam
1026 2362 1150 2425 queri
1177 2362 1312 2425 magis
1329 2378 1460 2425 quam
1479 2379 1557 2408 ex-

260 2433 379 2496 {equi
408 2433 633 2496 possumus
653 2470 666 2495 ‚
717 2451 849 2500 quam
879 2436 993 2498 leges
1022 2451 1201 2500 quoque
1234 2434 1353 2483 nulla
1381 2434 1558 2497 dignam
