1741 2919
254 161 343 210 ηι
495 149 1292 198 L.ANNAEISENECAE

248 254 314 317 gis
337 273 469 320 quam
493 256 620 305 fortis
643 258 898 321 prudentiae
923 259 1069 317 viros,
1093 259 1169 324 qui
1189 272 1349 323 negent
1367 258 1535 307 dolitu-<

247 344 349 375 rum
380 329 465 377 effe
492 330 743 394 sapientem.
769 331 829 377 Hi
851 348 963 380 vero
996 333 1204 383 videntur
1234 349 1457 396 nunquam
1488 332 1535 378 in

246 399 502 450 huiusmodi
531 404 677 451 casum
708 404 919 452 incidisse.
953 406 1149 470 alioquin
1182 406 1429 453 excuffiffet
1454 404 1537 452 illis

247 469 428 520 fortuna
463 475 692 538 superbam
728 475 1012 540 sapientiam,
1043 490 1087 525 et
1120 479 1175 525 ad
1213 477 1534 526 conseffionem

249 560 328 592 eos
354 547 451 594 veri
476 550 606 596 etiam
631 550 800 598 invitos
829 551 1117 614 compulisset.
1145 552 1252 598 Satis
1278 549 1535 614 praestiterit

247 619 391 677 ratio,
427 621 459 667 fi
483 622 526 668 id
560 641 697 671 unum
730 642 785 672 ex
818 625 1003 682 dolore,
1037 625 1160 688 quod
1191 636 1234 671 et
1269 622 1458 687 superest
1492 637 1537 670 et

248 690 469 750 abundat,
502 697 730 745 exciderit.
760 711 808 745 ut
835 698 1014 762 quidem
1044 698 1210 744 nullum
1239 698 1428 744 omnino
1449 696 1535 746 effe

247 781 350 813 eum
382 770 569 832 patiatur
589 810 602 829 ‚
635 790 716 820 nec
753 772 1016 836 sperandum
1048 771 1125 819 ulli
1145 808 1158 829 ,
1186 789 1266 820 nec
1298 771 1533 836 concupis-

246 841 441 889 cendum
466 844 539 892 est.
579 846 710 892 Hunc
744 846 893 910 potius
924 846 1109 893 modum
1139 845 1313 902 servet,
1350 846 1426 909 qui
1453 860 1535 892 nec

247 911 522 976 impietatem
548 918 742 967 imitetur
758 957 770 978 ,
797 938 879 968 nec
899 920 1104 967 insaniam
1128 939 1138 967 :
1160 937 1203 967 et
1223 937 1305 968 nos
1324 920 1369 966 in
1392 936 1448 967 eo
1467 930 1536 965 te-

245 1000 350 1033 neat
384 989 567 1049 habitu,
602 993 678 1056 qui
713 1005 754 1038 et
780 993 878 1055 piae
916 994 1074 1041 mentis
1110 993 1199 1050 est,
1233 1010 1314 1040 nec
1348 1005 1537 1039 emotae.

249 1059 403 1108 Fluant
422 1063 655 1123 lacrimae,
682 1066 753 1113 sed
786 1068 965 1132 eaedem
992 1067 1213 1114 desinant:
1235 1067 1461 1113 trahantur
1481 1081 1538 1111 ex

247 1131 344 1180 imo
362 1139 540 1198 pefitore
563 1139 776 1203 gemitus,
795 1141 868 1188 sed
889 1140 1021 1188 iidem
1045 1154 1087 1187 et
1111 1139 1329 1188 finiantur.
1345 1139 1415 1186 Sic
1436 1155 1538 1201 rege

248 1209 445 1258 animum
466 1226 591 1261 tuum
607 1251 619 1270 ,
641 1229 690 1262 ut
708 1232 750 1263 et
774 1216 1035 1278 sapientibus
1054 1228 1095 1262 te
1113 1216 1359 1278 approbare
1377 1212 1510 1276 poffis
1524 1249 1539 1272 ,

248 1294 292 1327 et
312 1282 528 1333 fratribus.
554 1287 714 1346 Effice,
746 1303 792 1334 ut
816 1287 1071 1352 frequenter
1100 1286 1243 1333 fratris
1271 1287 1334 1333 tui
1361 1302 1539 1337 memo-

250 1355 474 1408 riamttibi
514 1362 625 1409 velis
656 1379 892 1410 occurrere
912 1400 926 1420 ,
962 1377 1009 1410 ut
1032 1362 1154 1408 illum
1188 1375 1230 1408 et
1263 1359 1539 1408 sermonibus

250 1434 445 1482 celebres
462 1471 476 1493 ,
506 1451 549 1483 et
576 1436 736 1484 assidua
763 1438 1075 1485 recordatione
1107 1435 1404 1500 repraesentes
1436 1434 1532 1481 tibi.

248 1509 391 1569 Quod
422 1508 479 1556 ita
508 1511 698 1574 denique
723 1511 935 1575 consequi
963 1511 1128 1574 poteris
1149 1546 1162 1568 ,
1195 1510 1224 1556 fi
1252 1510 1332 1556 tibi
1359 1525 1537 1556 memo-

248 1584 357 1633 riam
388 1583 480 1630 eius
506 1583 742 1632 ineundam
778 1586 916 1648 magis
937 1617 951 1641 ‚
987 1602 1119 1648 quam
1146 1583 1336 1631 flebilem
1364 1582 1538 1631 feceris.

250 1656 440 1701 naturale
475 1656 536 1703 est
568 1658 716 1716 enim,
750 1670 798 1705 ut
833 1658 1004 1721 semper
1037 1658 1207 1705 animus
1239 1658 1292 1703 ab
1327 1674 1383 1704 eo
1419 1658 1537 1706 refu-

249 1730 338 1791 giat
355 1765 369 1786 ,
400 1730 454 1776 ad
487 1731 610 1792 quod
636 1748 736 1778 cum
769 1731 938 1778 tristitia
961 1731 1213 1778 revertitur.
1238 1731 1401 1794 Cogita
1431 1748 1536 1779 mo-

248 1802 425 1849 destiam
453 1802 570 1858 eius,
594 1802 740 1866 cogita
763 1803 811 1849 in
835 1804 966 1851 rebus
993 1804 1171 1867 agendis
1201 1803 1422 1850 solertiam
1443 1839 1455 1858 ,
1492 1804 1538 1850 in

248 1874 538 1937 exsequendis
575 1874 861 1934 industriam,
891 1878 936 1923 in
976 1875 1197 1941 promissis
1235 1875 1538 1923 constantiam,

249 1951 415 1997 Omnia
449 1950 561 1998 dista
584 1950 680 1998 eius
712 1969 764 1999 ac
798 1952 906 1999 fa&a
937 1965 981 1999 et
1004 1953 1097 1999 aliis
1126 1944 1331 2015 expone,
1362 1965 1405 1998 et
1430 1951 1536 1998 tibi-

247 2038 337 2069 met
356 2023 447 2086 ipse
475 2040 795 2072 commemora.
826 2026 979 2086 Qualis
1011 2025 1147 2072 fuerit
1173 2024 1348 2088 cogita,
1376 2024 1536 2087 qualis-

248 2114 337 2161 que
372 2097 535 2159 sperari
571 2099 778 2159 potuerit.
810 2099 918 2162 quid
955 2099 1075 2144 enim
1112 2100 1167 2145 de
1202 2098 1279 2144 illo
1314 2113 1405 2143 non
1439 2109 1538 2144 tuto

248 2171 455 2233 sponderi
480 2170 613 2217 fratre
639 2172 813 2234 poffet?
836 2174 986 2230 Haec,
1013 2187 1236 2236 utcunque
1253 2173 1407 2235 potui,
1436 2172 1535 2218 lon-

248 2260 306 2306 go
331 2245 415 2290 iam
448 2243 529 2290 fitu
555 2244 760 2290 obsoleto
783 2256 826 2290 et
854 2244 1060 2292 hebetato
1088 2244 1243 2290 animo
1271 2245 1530 2307 composui:

248 2336 362 2381 quae
391 2319 421 2364 fi
449 2331 523 2364 aut
554 2336 707 2382 parum
727 2318 992 2381 respondere
1011 2319 1191 2382 ingenio
1218 2331 1326 2377 tuo,
1359 2330 1431 2364 aut
1456 2335 1536 2381 pa-

247 2408 347 2436 rum
381 2391 546 2437 mederi
579 2391 726 2438 dolori
762 2392 1061 2450 videbuntur,
1099 2393 1243 2456 cogita
1275 2409 1406 2456 quam
1443 2408 1534 2438 non

250 2462 378 2526 pos-Ait
407 2464 442 2510 is
472 2464 636 2511 alienae
662 2481 817 2513 vacare
844 2464 1162 2523 consolationi,
1187 2483 1316 2530 quem
1344 2466 1415 2516 sua
1441 2482 1536 2511 ma·
