1741 2919
274 145 337 191 70
538 132 585 178 L.
636 129 934 177 ANNAEI
982 131 1341 181 SENECAE

275 247 449 282 utatur:
472 236 534 282 ira
561 237 809 298 impendit:
840 238 988 298 paucis
1016 240 1201 304 gratuita
1223 241 1298 289 est.
1330 243 1569 292 Iracundus

275 311 484 358 dominus
514 313 728 376 quosdam
763 312 808 360 in
839 312 985 377 fugam
1014 316 1165 363 servos
1198 317 1316 380 egit,
1353 318 1568 380 quosdam

274 382 321 427 in
354 396 545 430 mortem
574 403 586 430 τ
620 398 787 448 quanto
817 386 914 448 plus
948 385 1205 446 irascendo,
1233 406 1365 453 quam
1395 390 1440 435 id
1477 401 1568 436 erat

273 471 459 518 propter
484 458 608 520 quod
638 458 924 517 irascebatur,
952 460 1126 508 amisit?
1153 464 1217 508 Ira
1238 464 1350 525 patri
1372 463 1536 510 luctum
1553 497 1568 518 ,

273 530 436 576 marito
466 530 712 577 divortium
745 532 914 588 attulit,
946 533 1214 597 magistratui
1240 535 1395 581 odium
1415 570 1429 593 ‚
1461 552 1567 582 can-

272 601 429 649 didato
470 602 703 666 repulsam.
739 604 869 650 Peior
905 605 964 652 est
997 606 1150 665 etiam,
1181 624 1311 671 quarn
1349 607 1522 653 luxuria
1554 624 1567 652 :

273 676 484 736 quoniam
515 677 585 722 illa
610 678 682 724 sua
704 678 932 741 voluptate
961 679 1146 735 fruitur,
1175 680 1280 727 haec
1311 681 1454 726 alieno
1483 682 1568 727 do-

271 746 382 795 lore.
402 749 556 795 Vincit
577 750 893 813 malignitatem
912 767 954 798 et
972 752 1202 813 invidiam,
1231 753 1327 801 illae
1357 754 1472 800 enim
1494 753 1564 798 in-

271 819 445 868 felicem
472 821 567 869 fieri
600 825 791 881 volunt,
814 824 922 870 haec
942 824 1095 872 facere.
1115 814 1210 872 illae
1230 826 1425 873 fortuitis
1445 827 1569 873 malis

273 895 570 943 deleciantur:
605 898 712 944 haec
737 915 826 943 non
861 898 1001 959 potest
1034 900 1279 962 exspectare
1313 899 1569 946 fortunam:

274 985 440 1017 nocere
469 971 509 1016 ei
531 989 667 1034 quem
696 973 816 1030 odit,
843 990 936 1018 non
968 974 1122 1019 noceri
1157 974 1265 1020 vult.
1291 973 1412 1020 Nihil
1435 972 1495 1018 est
1512 973 1568 1018 si-

274 1045 529 1092 multatibus
557 1047 734 1110 gravius
755 1065 765 1092 τ
791 1047 867 1094 has
888 1047 950 1093 ira
974 1048 1195 1094 conciliat.
1226 1047 1333 1093 nihil
1359 1046 1421 1094 est
1450 1046 1570 1094 bello

274 1116 483 1165 funestius
508 1136 519 1165 :
546 1119 591 1165 in
613 1119 700 1167 hoc
721 1121 971 1182 potentium
993 1122 1054 1167 ira
1076 1121 1345 1184 prorumpit.
1372 1133 1568 1167 ceterum

273 1190 406 1236 etiam
426 1192 498 1238 illa
518 1194 689 1256 plebeia
706 1195 769 1240 ira
789 1208 830 1240 et
850 1195 1022 1257 privata
1036 1232 1048 1249 ‚
1072 1195 1265 1254 inerme,
1285 1210 1334 1242 et·
1349 1197 1436 1243 fine
1455 1196 1568 1242 viri-

274 1266 355 1314 bus
394 1268 555 1314 bellum
589 1268 664 1315 est„
696 1271 924 1317 Praeterea
955 1271 1019 1317 ira
1038 1307 1051 1325 ‚
1087 1286 1134 1317 ut
1165 1271 1427 1335 seponamus
1459 1288 1573 1334 quae

274 1356 387 1387 mox
417 1341 613 1389 secutura
650 1344 745 1390 sunt
775 1346 933 1392 damna
955 1381 968 1401 ‚
997 1345 1197 1404 infidias,
1226 1358 1484 1408 perpetuam
1517 1362 1571 1391 ex

275 1414 590 1462 certaminibus
614 1416 777 1462 mutuis
804 1416 1125 1463 solicitudinem
1140 1453 1154 1472 ,
1184 1418 1257 1463 dat
1276 1435 1441 1480 poenas
1462 1418 1569 1464 dum

276 1486 440 1549 ex³git2
460 1503 658 1534 naturam
684 1489 880 1536 hominis
907 1490 1058 1542 eiurat.
1088 1491 1158 1535 illa
1178 1490 1223 1536 in
1242 1507 1443 1536 amorem
1464 1491 1572 1537 hor-

275 1573 420 1616 tatur,
447 1562 555 1610 baec
575 1563 620 1609 in
640 1564 823 1611 odium:
845 1565 916 1610 illa
946 1563 1146 1626 prodesse
1174 1563 1320 1622 iubet,
1351 1565 1458 1611 haec
1485 1581 1576 1611 noe

276 1653 391 1685 cere.
417 1638 600 1695 Adiice,
633 1641 757 1702 quod
778 1657 878 1688 eum
908 1638 1154 1702 indignatio
1183 1638 1274 1685 eius
1294 1655 1317 1685 a
1342 1639 1481 1686 nimio
1508 1640 1571 1687 sui

275 1710 471 1776 suspectu
504 1714 683 1772 veniat,
715 1726 758 1761 et
789 1714 983 1761 animosa
1011 1713 1234 1771 videatur,
1257 1712 1403 1777 pusilla
1435 1714 1495 1760 est
1527 1726 1573 1763 et

274 1786 466 1850 angusta.
495 1805 631 1835 nemo
664 1788 782 1834 enim
813 1805 906 1835 non
931 1805 990 1835 eo
1008 1825 1021 1845 ‚
1049 1805 1073 1834 a
1101 1804 1193 1851 quo
1222 1788 1263 1834 se
1294 1799 1571 1834 contemtum

275 1860 466 1919 iudicat,
500 1861 648 1908 minor
676 1861 749 1908 est.
779 1863 839 1908 At
862 1862 932 1908 ille
952 1862 1103 1925 ingens
1135 1860 1337 1917 animus,
1363 1872 1407 1907 et
1436 1877 1570 1909 verus

275 1936 526 1983 aestimator
543 1935 634 1993 sui,
661 1953 752 1983 non
772 1936 970 1983 vindicat
987 1935 1215 1992 iniuriam,
1234 1934 1340 1997 quia
1362 1950 1453 1980 non
1475 1934 1574 1981 sen-

273 2011 338 2059 tit.
359 2014 424 2058 Ut
445 2012 528 2058 tela
547 2028 571 2057 a
590 2011 704 2057 duro
723 2010 915 2057 resiliunt
930 2042 944 2065 ‚
978 2023 1020 2055 et
1043 2025 1144 2054 cum
1171 2007 1327 2054 dolore
1348 2007 1573 2055 caedentis

273 2088 415 2135 solida
440 2086 688 2133 feriuntur:
717 2085 774 2131 ita
806 2085 924 2132 nulla
950 2100 1159 2148 magnum
1189 2082 1385 2129 animum
1411 2081 1570 2129 iniuria

275 2163 329 2208 ad
351 2161 517 2209 sensum
539 2161 603 2208 sui
622 2160 824 2215 adducit,
843 2159 1040 2222 fragilior
1053 2174 1110 2204 eo
1129 2156 1252 2221 quod
1271 2155 1392 2220 petit.
1410 2157 1568 2216 Quan-

276 2252 325 2283 to
363 2237 588 2300 pulchrius
631 2235 691 2282 est
717 2271 731 2291 ‚
775 2234 902 2282 velut
943 2234 1046 2280 nulli
1084 2231 1398 2295 penetrabilem
1437 2232 1526 2277 telo
1554 2265 1570 2290 ‚

276 2327 433 2358 omnes
474 2311 656 2357 iniurias
698 2307 1075 2371 contumeliasque
1108 2305 1354 2368 respuere?
1399 2305 1526 2352 Ultio
1551 2339 1568 2363 ‚

276 2384 449 2431 doloris
473 2378 694 2431 confeffio
718 2383 794 2430 est.
828 2400 920 2429 non
939 2381 1001 2429 est
1020 2396 1200 2444 magnus
1218 2380 1410 2435 animus,
1439 2395 1573 2442 quem

275 2457 480 2508 incurvat
510 2459 683 2506 iniuria²
718 2461 808 2506 Aut
840 2457 1068 2521 potentior
1099 2469 1170 2516 te,
1198 2466 1272 2503 aut
1303 2453 1572 2503 imbecillior
