1741 2919
283 155 748 202 CONSOLATIO
786 154 881 201 AD
924 153 1266 200 MARCIAM.
1340 153 1422 213 183

140 260 349 308 matribus
376 276 509 307 omen
526 275 747 307 occurres.
775 259 1035 321 Voluptates
1068 257 1293 316 honestas,
1328 274 1430 322 per-

142 332 314 392 miffas,
334 345 541 397 tanquam
571 349 728 396 parum
762 332 946 378 decoras
967 331 1168 377 fortunae
1197 344 1297 378 tuae
1324 330 1430 377 reii-

141 407 257 465 cies,
276 406 463 453 invisam
499 405 677 452 habebis
712 404 855 451 lucem
879 421 890 450 :
923 417 965 450 et
993 405 1123 450 aetati
1152 415 1276 461 tuae,
1306 403 1431 467 quod

144 496 235 526 non
256 480 496 543 praecipiet
510 490 552 525 te
572 477 924 541 quamprimum,
938 488 980 523 et
1001 475 1144 535 finiat,
1159 476 1430 523 infestissima

142 553 226 600 eris
252 569 265 597 t
290 553 414 615 quod
439 551 732 615 turpiffimum
761 551 1158 614 alieniflimumque
1187 549 1248 596 est
1277 550 1429 596 animo

127 621 318 682 ‘tuoyin
345 625 581 671 meliorem
612 636 727 670 noto
756 636 950 685 partem,
980 622 1182 669 ostendes
1209 637 1252 669 te
1271 624 1430 670 vivere

142 698 284 752 nolle,
301 698 419 744 mori
441 715 533 744 non
561 699 694 761 poffe.
733 698 777 744 Si
803 699 856 745 ad
885 699 974 745 hoc
999 699 1217 744 maximae
1239 697 1430 744 feminae

139 783 181 816 te
201 771 456 833 exemplum
488 771 774 834 applicueri53
803 770 1072 817 moderatius
1096 787 1146 817 ac
1171 771 1319 817 mitius
1345 770 1430 817 eris

138 843 184 890 in
203 846 422 891 aerumnis
435 876 449 900 ‚
469 861 554 892 nec
567 859 610 892 te
623 845 855 892 tormentis
871 844 1126 893 macerabis.
1150 846 1279 905 Quae
1292 844 1428 904 enim,

140 918 301 964 malum
318 950 333 974 ‚
363 919 554 967 amentia
579 919 640 967 est
655 955 668 979 ‚
696 936 861 983 poenas
889 937 912 966 a
933 917 1263 966 seinfelicitatis
1287 919 1429 982 exige-

139 1008 187 1037 re
205 1028 219 1050 ,
247 1005 289 1039 et
309 993 419 1039 mala
439 994 509 1040 sua
539 994 724 1058 augere?
763 996 910 1054 Quam
938 993 985 1039 in
1006 993 1129 1039 omni
1157 993 1249 1041 vita
1279 993 1428 1039 serva-

140 1064 207 1122 sti,
226 1081 403 1112 morum
425 1061 693 1128 probitatem
712 1080 755 1114 et
774 1066 1091 1114 verecundiam
1109 1101 1122 1123 ‚
1143 1065 1187 1111 in
1213 1066 1293 1112 hac
1313 1080 1426 1128 quo-

138 1156 224 1203 que
244 1157 291 1187 re
314 1140 560 1202 praestabis.
587 1141 649 1189 est
667 1142 785 1188 enim
807 1142 1024 1205 quaedam
1049 1156 1092 1188 et
1120 1140 1302 1187 dolendi
1326 1157 1426 1185 mo-

139 1213 285 1279 destia.
308 1214 435 1260 illum
455 1215 595 1276 ipsum
616 1215 823 1263 iuvenem
842 1214 1086 1278 digniffime
1106 1214 1301 1277 quietum
1324 1214 1429 1260 sem·

138 1303 217 1349 per
252 1287 488 1335 nominans
514 1289 797 1352 cogitansque
827 1288 956 1335 facies
973 1321 986 1343 ‚
1004 1301 1048 1334 et
1073 1286 1257 1334 meliore
1289 1303 1428 1350 pones

138 1359 242 1405 loco
258 1395 271 1418 ‚
300 1359 329 1404 si
356 1361 482 1407 matri
508 1361 633 1417 suae,
659 1361 802 1425 qualis
834 1360 966 1408 vivus
982 1359 1183 1418 solebat,
1209 1359 1354 1405 hilaris
1384 1371 1427 1405 et

139 1450 240 1481 cum
263 1436 426 1498 gaudio
443 1452 660 1484 occurrat.

202 1511 279 1554 1V.
316 1509 412 1555 Nec
440 1523 483 1556 te
510 1510 565 1556 ad
591 1509 782 1558 fortiora
807 1510 963 1557 ducam
991 1519 1222 1571 praecepta
1241 1542 1254 1565 ‚
1284 1519 1331 1553 ut
1358 1506 1426 1553 in-

139 1583 332 1630 humano
352 1580 465 1627 ferre
484 1581 672 1627 humana
697 1583 868 1629 iubeam
889 1582 1029 1628 modo
1045 1617 1058 1639 ‚
1075 1596 1121 1627 ut
1139 1580 1231 1643 ipso
1251 1579 1427 1627 funebri

139 1655 210 1702 die
232 1653 390 1700 oculos
419 1653 569 1700 matris
587 1656 800 1702 exficcem
823 1674 833 1701 :
858 1656 911 1702 ad
934 1654 1141 1701 arbitrum
1170 1669 1316 1700 tecum
1346 1671 1428 1700 ve-

140 1729 257 1775 niam
277 1747 288 1774 :
308 1728 400 1775 hoc
426 1728 541 1774 inter
565 1745 646 1775 nos
672 1741 933 1793 quaeretur,
959 1740 1104 1776 utrum
1137 1745 1318 1791 magnus
1338 1727 1426 1775 effe

139 1804 317 1862 debeat,
349 1820 404 1849 an
430 1816 667 1867 perpetuus
693 1805 837 1852 dolor.
867 1806 972 1851 Non
1001 1803 1187 1861 dubito,
1214 1803 1320 1866 quin
1347 1803 1425 1849 Li·-

139 1879 239 1924 viae
260 1877 504 1942 Augustae,
525 1895 657 1942 quam
678 1878 946 1925 familiariter
970 1876 1138 1925 coluisti
1154 1912 1166 1932 ‚
1187 1877 1324 1940 magis
1345 1876 1425 1923 tibi

141 1952 309 2013 placeat
327 1952 597 2015 exemplum.
618 1954 691 1999 llla
720 1967 763 2001 te
790 1954 843 2000 ad
861 1954 983 1999 suum
1013 1951 1238 1998 confilium
1260 1964 1395 1997 vocat
1411 1967 1426 1998 ε

139 2024 213 2070 illa
236 2024 280 2070 in
311 2024 462 2087 primo
491 2024 697 2084 fervore,
728 2044 827 2073 cum
851 2026 1041 2072 maxime
1067 2025 1341 2087 impatientes
1361 2024 1428 2071 fe-

140 2113 356 2161 rocesque
385 2097 482 2144 sunt
501 2099 697 2147 miseriae
713 2137 725 2158 ‚
747 2099 787 2147 se
807 2099 1121 2147 consolandam
1143 2100 1266 2145 Areo
1284 2098 1428 2160 philo-

142 2169 284 2232 sopho
303 2171 388 2218 viri
405 2171 467 2218 sui
487 2173 702 2235 praebuit,
722 2186 765 2220 et
785 2173 970 2220 multum
991 2190 1086 2219 eam
1108 2189 1199 2219 rem
1215 2170 1427 2234 profuisse

141 2243 219 2289 fibi
248 2244 441 2292 confess‘a
470 2247 565 2294 est:
597 2248 695 2311 plus
730 2266 861 2312 quam
894 2248 1110 2312 populum
1146 2249 1427 2305 Romanum,

141 2333 274 2381 quem
300 2319 475 2366 nolebat
504 2321 666 2368 tristem
688 2322 858 2370 tristitia
883 2322 955 2369 sua
981 2320 1151 2368 facere:
1171 2320 1268 2383 plus
1294 2338 1426 2384 quam

144 2389 387 2452 Augustum
409 2427 422 2449 ‚
460 2393 536 2456 qui
559 2383 938 2442 subducto'altero
965 2393 1237 2441 adminiculo
1263 2394 1428 2442 tituba-

144 2461 244 2524 bat,
270 2479 351 2512 nec
378 2464 493 2513 luctu
511 2466 992 2518 suorum‘inclinandus
1011 2478 1104 2514 erat
1131 2484 1143 2513 z
1175 2466 1272 2531 plus
1295 2469 1430 2532 quam

1058 2533 1174 2594 M4
