1741 2919
346 67 371 71 ”
398 93 483 140 DE
519 93 916 139 CONSTANTIA
945 94 1257 141 stammas,
1370 94 1464 156 289

186 200 376 263 pientem
407 199 602 246 nostrum
632 216 845 263 nusquam
873 200 1076 248 inveniri.
1124 203 1229 247 Non
1260 199 1463 265 fingimus
1497 239 1499 241 »

185 274 297 320 istud
324 273 503 320 humani
538 273 700 337 ingenii
730 289 894 321 vanum
931 275 1093 329 decus,
1130 291 1210 320 nec
1242 274 1463 337 ingentem

183 346 424 410 imaginem
458 344 583 391 falsae
614 345 676 391 rei
708 346 1010 408 concipimus;
1041 346 1112 391 sed
1142 347 1315 408 qualem
1348 363 1462 393 con-

183 420 427 474 firmamus,
454 419 731 466 exhibuimus
750 455 762 477 ‚
792 432 834 466 et
863 420 1179 467 exhibebimus.
1220 423 1340 467 Raro
1369 421 1466 469 for-

183 493 318 551 firan,
347 493 604 557 magnisque
634 508 827 539 aetatum
859 492 1097 540 intervallis
1116 493 1354 542 invenitur.
1384 512 1464 542 ne-

184 585 272 632 que
298 568 416 614 enim
447 583 635 629 magna,
666 579 708 613 et
734 567 987 613 excedentia
1017 568 1193 614 solitum
1225 585 1275 614 ac
1309 568 1476 632 vulga-¹

182 659 276 688 rem
309 642 522 696 modum,
553 642 711 688 crebro
742 641 990 705 gignuntur.
1040 654 1234 691 ceterum
1268 643 1339 690 hic
1374 644 1465 705 ipse

184 717 245 760 M.
276 714 415 772 Cato,
448 731 473 760 a
493 713 614 760 cuius
644 716 870 761 mentione
898 716 1002 762 haec
1021 716 1255 779 disputatio
1282 718 1465 779 proces-
1508 744 1511 747 ·

181 785 256 844 fit,
280 803 439 834 vereor
466 804 520 833 ne
544 786 668 850 supra
691 787 886 834 nostrum
914 790 1136 850 exemplar
1161 789 1223 836 fit.
1252 790 1462 854 Denique

181 860 370 909 validius
412 860 540 907 debet
572 860 657 907 effe
685 861 807 924 quod
834 861 988 918 laedit,
1022 878 1079 908 eo
1114 864 1237 925 quod
1268 864 1466 910 laeditur.

181 953 274 982 non
304 935 366 983 est
391 948 534 983 autem
565 935 730 983 fortior
762 937 954 999 nequitia
987 938 1162 986 virtute.
1194 956 1286 987 non
1316 941 1463 1002 potest

180 1026 287 1072 ergo
313 1009 424 1056 laedi
445 1008 625 1070 sapiens.
655 1008 813 1055 Iniuria
838 1009 882 1054 in
909 1010 1054 1057 bonos
1087 1010 1162 1057 nisi
1181 1029 1203 1058 a
1225 1013 1346 1061 malis
1371 1030 1464 1061 non

180 1096 373 1130 tentatur
393 1101 403 1129 :
423 1082 552 1129 bonis
578 1081 692 1128 inter
710 1081 752 1128 se
778 1100 860 1145 pax
877 1083 964 1130 est:
987 1085 1086 1130 mali
1106 1097 1193 1132 tam
1216 1086 1345 1135 bonis
1367 1106 1462 1151 per·

180 1157 334 1204 niciofi
351 1175 486 1221 quarn
509 1156 622 1204 inter
640 1156 695 1203 se.
715 1158 886 1217 Quodfi
904 1158 1014 1204 laedi
1034 1159 1108 1205 nifi
1128 1159 1347 1208 infirmior
1369 1180 1462 1210 non

181 1230 356 1292 potest:
384 1231 520 1276 malus
549 1241 692 1276 autem
724 1231 847 1277 bono
877 1230 1095 1278 infirmior
1125 1232 1216 1280 est:
1239 1250 1319 1282 nec
1348 1235 1462 1283 iniu-

179 1303 245 1350 ria
266 1303 422 1360 bonis,
447 1302 524 1348 nifi
544 1319 567 1348 a
588 1301 773 1365 dispari,
803 1305 996 1350 verenda
1026 1304 1085 1351 est
1109 1325 1119 1353 ε
1141 1306 1298 1354 iniuria
1321 1308 1364 1355 in
1396 1310 1462 1356 sa-

180 1375 373 1437 pientem
398 1375 545 1421 virum
569 1391 659 1420 non
681 1375 810 1422 cadit.
845 1375 950 1422 Illud
971 1376 1088 1423 enim
1108 1379 1195 1424 iam
1216 1396 1306 1427 non
1325 1398 1371 1428 es
1387 1383 1463 1428 ad-

179 1448 454 1503 monendus,
481 1447 702 1496 neminem
730 1447 898 1494 bonum
925 1448 1012 1495 effe
1037 1450 1114 1496 nifi
1135 1451 1384 1514 sapientem.
1416 1457 1462 1505 Si

177 1520 359 1580 iniuste,
381 1521 526 1585 inquis
542 1558 555 1578 ‚
576 1524 776 1568 Socrates
794 1522 1021 1570 damnatus
1042 1523 1102 1569 est
1116 1559 1130 1580 ‚
1150 1524 1356 1575 iniuriam
1385 1548 1462 1578 ac-

178 1596 309 1658 cepit.
343 1597 444 1643 Hoc
471 1596 834 1659 locofintelligere
864 1609 1173 1658 nos-oportet,
1205 1601 1329 1662 poffe
1352 1621 1461 1652 eve—

179 1668 303 1724 nire,
330 1681 378 1715 ut
398 1668 526 1715 faciat
544 1668 700 1732 aliquis
722 1667 925 1715 iniuriam
946 1669 1080 1726 mihi,
1111 1684 1154 1717 et
1173 1689 1258 1736 ego
1279 1691 1368 1721 non
1390 1694 1461 1725 ac·

178 1741 338 1803 cipiam
356 1760 366 1788 ε
386 1754 597 1805 tanquam
624 1742 654 1788 fi
674 1742 770 1806 quis
790 1760 882 1790 rem
903 1760 1033 1807 quain
1048 1744 1078 1791 e
1096 1745 1199 1801 villa
1220 1764 1317 1794 mea
1338 1748 1462 1797 surri-

179 1815 300 1877 puit,
329 1816 373 1863 in
393 1817 533 1863 domo
560 1833 658 1864 mea
688 1832 823 1880 ponat
846 1835 856 1864 :
882 1818 954 1863 ille
983 1817 1353 1879 fiirtumfecerit,
1374 1840 1460 1889 ego

176 1888 286 1936 nihil
309 1889 592 1952 perdiderim.
620 1889 766 1937 Potest
787 1890 941 1954 aliquis
968 1907 1133 1940 nocens
1161 1892 1284 1953 fieri,
1304 1913 1462 1960 quam-

178 1964 248 2010 vis
277 1979 368 2010 non
401 1963 616 2011 nocuerit.
653 1965 697 2010 Si
717 1963 812 2027 quis
837 1981 937 2011 cum
969 1982 1111 2013 uxore
1144 1966 1224 2014 suo
1250 1981 1462 2028 tanquam

177 2037 316 2084 aliena
337 2038 604 2086 concumbat
618 2075 633 2096 ,
654 2039 822 2086 adulter
840 2039 950 2098 erit,
973 2037 1273 2103 quamvis'illa
1295 2031 1461 2094 aduste-2

176 2127 224 2155 ra
254 2126 348 2156 non
385 2111 447 2158 fit.
477 2111 652 2175 Aliquis
682 2111 792 2158 mihi
828 2128 1050 2160 venenum
1080 2114 1230 2174 dedit,
1259 2116 1334 2163 sed
1364 2119 1460 2167 vim

177 2183 296 2230 suam
312 2185 551 2234 vremixtum
571 2186 674 2232 cibo
693 2186 904 2249 perdidit:
922 2203 1140 2235 venenum
1161 2188 1266 2235 illud
1287 2190 1461 2250 dando,

176 2256 337 2304 scelere
366 2255 408 2304 se
427 2258 642 2321 obligavit
659 2294 673 2316 ‚
693 2258 858 2306 etiamsi
885 2276 975 2306 non
998 2261 1162 2308 nocuit.
1187 2262 1292 2309 Non
1315 2264 1460 2313 minus

177 2328 289 2374 latro
309 2328 390 2387 est,
409 2330 535 2377 cuius
546 2331 681 2378 telum
699 2332 900 2395 opposita
920 2331 1037 2380 veste
1058 2334 1220 2381 elusum
1237 2335 1310 2384 est.
1343 2339 1456 2384 Om-

177 2402 249 2448 nia
267 2402 429 2450 scelera
447 2403 574 2449 etiam
597 2418 696 2451 ante
715 2403 918 2453 effectum
939 2405 1106 2470 operis,
1128 2423 1340 2472 quantum
1360 2410 1458 2463 cult

238 2470 286 2515 L.
308 2471 428 2517 Arm.
451 2472 619 2519 Seneca.
652 2474 744 2517 Vol.
762 2472 802 2520 I.
1159 2475 1201 2520 T
