1741 2919
269 147 328 194 21²3
528 149 576 195 ἶ..
624 146 919 194 «ΑΝΝᾸΕΙ
969 146 1324 194 SENECAE

270 186 290 210 )

263 259 319 303 Et
348 267 482 320 quota
502 272 601 318 pars
620 255 696 302 ista
723 255 930 302 scelerum
951 255 1041 302 est?
1066 272 1158 301 non
1178 251 1398 316 descripsit
1418 250 1552 300 castra

264 345 320 375 ex
343 345 426 375 una
448 340 568 391 parte
594 328 837 384 contraria,
869 343 1098 390 parentum
1124 327 1454 388 liberorumque
1485 326 1550 371 sa·

260 413 485 448 eramenta
528 401 697 449 diversa
724 437 739 458 ,
781 400 1012 447 subie&am
1052 399 1216 463 patriae
1262 396 1373 444 civis
1420 413 1552 441 manu

261 473 514 529 flammam,
548 485 591 520 et
625 474 794 536 agmina
827 471 1085 519 infestorum
1122 471 1320 534 equitum
1352 469 1405 514 ad
1436 485 1551 515 con-

262 548 495 611 quirendas
531 546 884 610 proscriptorum
914 546 1096 594 latebras
1124 542 1551 597 circumvolitantia,

261 633 305 666 et
342 619 539 666 violatos
575 618 719 665 fontes
765 618 946 666 venenis
970 653 983 675 ,
1015 630 1058 664 et
1091 617 1377 681 pestilentiam
1416 633 1548 662 manu

261 691 415 740 fabiam
435 727 452 750 ‚
486 703 530 739 et
562 691 842 754 praeductam
874 690 1050 738 obseffis
1079 691 1329 753 parentibus
1361 688 1548 746 fossam,

259 765 413 828 plenos
433 780 629 812 carceres
647 801 661 823 ,
685 778 727 811 et
746 763 948 811 incendia
967 776 1080 810 totas
1101 763 1228 810 urbes
1254 778 1547 810 concreman-

255 838 348 895 tia,
378 837 793 899 dominationesque
824 835 1010 883 funestas
1027 872 1040 894 ‚
1065 848 1108 883 et
1139 851 1378 898 regnorum
1405 833 1547 898 publi-

256 902 508 975 corumque
543 910 784 957 exitiorum
827 909 1086 957 clandestina
1125 909 1338 956 consilia:
1383 900 1429 956 et¹
1462 925 1548 971 pro

259 988 397 1052 gloria
424 987 595 1045 habi-ta,
625 1002 735 1050 quae
764 986 975 1050 quamdiu
996 985 1194 1049 opprimi
1223 983 1425 1047 possunt,
1456 984 1548 1030 sce-

255 1060 346 1107 lera
376 1060 472 1108 sunt
501 1078 511 1106 τ
547 1071 697 1123 raptus
724 1075 773 1106 ac
802 1057 946 1121 stupra
965 1092 980 1116 ,
1013 1070 1056 1104 et
1086 1072 1141 1103 ne
1166 1072 1217 1104 os
1243 1056 1426 1120 quidem
1445 1056 1545 1103 libi-

254 1136 351 1182 dini
378 1147 627 1198 exceptum.
1325 1186 1331 1190 ,

321 1209 400 1255 IX.
423 1209 547 1255 Adde
573 1223 689 1254 nunc
707 1204 883 1269 publica
900 1200 1306 1268 periuria'gentium
1324 1239 1339 1260 ,
1357 1214 1401 1250 et
1418 1214 1546 1266 rupta

255 1281 435 1329 foedera
452 1318 464 1341 ‚
486 1295 530 1330 e't
550 1281 596 1327 in
615 1280 822 1344 praedam
844 1276 1072 1327 validioris
1090 1275 1307 1340 quidquid
1327 1293 1417 1323 non
1442 1275 1547 1322 resi·

251 1354 420 1413 fiebat,
453 1355 719 1410 abdu&um3
755 1349 1214 1414 circumscriptiones,
1245 1349 1390 1406 furta,
1424 1349 1543 1396 frau-

254 1430 359 1489 des,
389 1428 704 1485 infitiationes,
722 1426 892 1491 ‘quibus
922 1426 1033 1472 trina
1060 1440 1154 1471 non
1185 1424 1401 1472 sufficiunt
1432 1423 1544 1470 fora.

255 1503 298 1548 Si
313 1514 479 1549 tantum
491 1501 617 1549 irasci
637 1500 705 1549 vis
723 1499 960 1562 sapientem
977 1532 993 1554 ,
1013 1508 1226 1560 quantum
1244 1496 1452 1544 scelerum
1471 1496 1543 1542 in-

252 1576 443 1640 dignitas
466 1577 605 1640 exigit
630 1594 641 1624 :
670 1592 762 1623 non
793 1572 1069 1621 irascendum
1096 1571 1186 1632 illi,
1224 1572 1297 1620 sed
1324 1571 1543 1618 insanien-

251 1650 358 1696 dum
379 1650 452 1698 est.
483 1650 594 1697 Illud
612 1648 757 1712 potius
777 1645 989 1711 cogitabis
1005 1678 1018 1701 ,
1046 1661 1139 1692 non
1161 1644 1246 1692 effe
1266 1644 1541 1692 irascendum

250 1723 492 1770 erroribus.
514 1723 621 1786 quid
642 1721 760 1769 enim
783 1719 815 1767 fi
834 1718 930 1783 quis
947 1717 1151 1765 irascatur
1174 1717 1221 1763 in
1245 1716 1434 1764 tenebris
1462 1734 1542 1779 pa·-

252 1812 350 1842 rum
370 1795 553 1860 vestigia
575 1806 693 1842 certa
724 1791 1020 1857 ponentibus?
1051 1790 1160 1853 quid
1190 1790 1222 1836 fi
1253 1790 1349 1854 quis
1376 1789 1543 1846 surdis,

250 1869 434 1933 imperia
452 1886 544 1917 non
562 1866 930 1916 exaudientibus?
952 1864 1061 1929 quid
1075 1864 1106 1910 fi
1122 1863 1268 1927 pueris
1284 1898 1298 1921 ,
1317 1864 1441 1927 quod
1460 1879 1541 1909 ne-

252 1942 396 2005 glecto
427 1941 622 2005 dispectu
650 1939 931 1993 officiorum,
961 1937 1017 1984 ad
1037 1935 1152 1983 lusus
1184 1950 1228 1983 et
1261 1935 1435 1998 ineptos
1464 1952 1538 1983 ae*

252 2013 450 2078 qualium
479 2014 607 2060 iocos
633 2011 854 2075 spectent?
881 2009 990 2073 quid
1012 2008 1044 2055 si
1068 2008 1152 2055 illis
1171 2007 1294 2056 irasci
1313 2007 1445 2064 velis,
1463 2007 1537 2071 qui

249 2100 479 2151 aegrotant
495 2124 510 2146 ,
538 2087 792 2143 senescunt,
820 2084 1082 2148 fatigantur?
1107 2086 1222 2131 Inter
1246 2094 1392 2130 cetera
1411 2098 1533 2128 mor--

247 2160 423 2208 talitatis
440 2159 752 2214 incommoda,
776 2168 818 2205 et
838 2157 943 2204 haec
960 2156 1022 2204 est
1035 2155 1174 2220 caligo
1193 2154 1432 2201 mentium:
1455 2171 1537 2200 nec

246 2244 418 2280 tantum
455 2232 676 2280 necessitas
705 2230 920 2285 errandi,
957 2229 1031 2276 sed
1062 2244 1266 2276 errorum
1297 2243 1436 2273 amor.
1466 2226 1538 2275 Ne

245 2307 421 2368 fingulis
448 2306 670 2363 irascaris,
687 2303 899 2352 universis
919 2302 1266 2366 ignoscendum:
1286 2299 1436 2364 generi
1452 2300 1535 2346 hu-

244 2396 378 2426 mano
409 2380 539 2427 venia
565 2379 797 2426 tribuenda
820 2376 893 2424 est.
915 2377 959 2422 Si
987 2374 1180 2422 irasceris
1211 2373 1444 2421 iuvenibus
1465 2373 1532 2419 se-

238 2453 453 2516 nibusque
470 2487 485 2512 s
507 2452 631 2515 quod
664 2464 874 2514 peccaut:
903 2447 1084 2497 irascere
1117 2444 1384 2506 infantibus,
1411 2443 1530 2508 quod
