1741 2919
285 153 349 205 '42
549 149 599 194 L.
646 148 941 196 ANNAEI
992 150 1346 197 SENECAE

285 252 348 300 ira
367 253 538 312 suadet,
574 253 763 312 feriunt,
792 256 865 303 sed
891 274 991 304 cum
1014 259 1200 306 occafio.
1231 259 1446 322 Pyrrhum
1472 276 1567 308 ma-

286 326 454 373 ximum
490 343 823 390 praeceptorem
855 329 1105 376 certaminis
1132 331 1360 394 gymnici,
1397 331 1570 378 solitum

287 397 408 443 aiunt
435 397 526 456 his,
552 415 666 461 quos
685 397 916 448 exercebat
930 436 943 460 ,
963 402 1213 465 praecipere
1229 438 1241 461 ,
1259 419 1314 448 ne
1341 401 1573 449 irasceren-

285 480 370 516 tur.
389 473 454 516 Ira
474 471 592 518 enim
616 473 839 535 perturbat
859 486 1019 521 artem:
1036 489 1078 521 et
1098 492 1183 538 qua
1204 487 1364 521 noceat
1382 487 1572 533 tantum,

285 560 378 590 non
403 562 488 608 qua
514 562 692 605 caveat,
726 548 893 610 aspicit.
921 549 1056 611 Saepe
1079 549 1222 612 itaque
1254 549 1367 596 ratio
1405 549 1573 610 patien-

286 616 392 662 tiam
426 615 598 674 suadet,
636 620 698 666 ira
731 621 998 669 vindictam:
1031 635 1073 669 et
1108 624 1183 685 qui
1211 623 1364 685 primis
1396 622 1576 684 defungi

287 690 413 738 malis
445 692 700 754 potuimus,
733 693 776 740 in
811 695 980 741 maiora
1017 696 1316 744 devolvimur.
1347 696 1574 756 Quosdam

289 764 422 811 unius
441 766 565 812 verbi
594 768 885 823 contumelia,
905 785 995 814 non
1025 785 1169 832 aequo
1201 769 1349 814 animo
1376 769 1460 815 lata
1479 805 1491 825 ,
1529 768 1575 814 in

287 835 486 883 exsilium
500 838 717 900 proiecit:
739 855 783 887 et
803 841 879 903 qui
897 840 1040 887 levem
1056 840 1256 887 iniuriam
1273 839 1442 888 filentio
1462 840 1575 888 ferre

288 909 553 970 noluerant,
587 912 847 976 graviffimis
873 914 996 961 malis
1016 915 1165 962 obruti
1192 916 1315 970 sunt,
1340 913 1577 977 indignati-

289 998 379 1044 que
399 983 563 1045 aiiquid
589 1001 644 1030 ex
672 984 914 1048 pleniffima
943 986 1142 1035 libertate
1171 986 1395 1043 deminui,
1425 985 1580 1035 servile

290 1053 337 1101 in
360 1055 443 1102 sese
465 1067 734 1104 attraxerunt
756 1058 922 1122 iugum.

354 1129 462 1176 XV.
491 1131 553 1176 Ut
579 1130 709 1186 scias,
740 1130 912 1194 inquit,
938 1131 1046 1178 iram
1067 1132 1230 1178 habere
1250 1132 1295 1174 in
1314 1131 1354 1174 se
1380 1127 1577 1192 generosi

288 1200 455 1263 aliquid
475 1236 488 1256 ‚
517 1201 676 1249 liberas
707 1202 880 1250 videbis
907 1214 1054 1265 gentes
1092 1217 1200 1264 quae
1236 1199 1580 1248 iracundiffirnae

289 1273 388 1320 sunt
418 1290 429 1319 :
453 1285 500 1320 ut
526 1276 777 1322 Germanos
806 1287 849 1321 et
877 1275 1074 1339 Scythas.
1106 1273 1246 1333 Quod
1275 1273 1454 1330 evenit,
1479 1271 1581 1335 quia

291 1347 482 1396 fortiora
508 1350 729 1413 solidaque
758 1364 910 1397 natura
942 1349 1117 1413 ingenia
1137 1385 1150 1407 ,
1182 1361 1416 1411 antequam
1452 1347 1582 1396 disci-

292 1420 412 1485 plina
432 1423 685 1470 molliantur
698 1458 711 1479 ,
730 1440 873 1486 prona
891 1424 938 1469 in
959 1423 1068 1468 iram
1090 1420 1197 1468 sunt.
1216 1420 1446 1481 Quaedam
1464 1420 1581 1466 enim

293 1512 385 1542 non
405 1497 481 1543 nifi
498 1497 752 1545 melioribus
770 1497 1051 1545 innascuntur
1077 1496 1277 1559 ingeniis⁶
1305 1493 1411 1541 sicut
1437 1493 1583 1549 valida

294 1569 464 1616 arbusta
485 1586 529 1618 et
551 1571 691 1629 laeta,
719 1571 923 1636 quamvis
954 1570 1149 1634 neglecta
1173 1569 1299 1616 tellus
1326 1581 1473 1614 creat:
1501 1567 1584 1614 alia

295 1642 507 1690 foecundi
526 1645 605 1691 soli
624 1645 731 1693 filva
750 1646 824 1694 est.
844 1648 992 1710 Itaque
1019 1659 1061 1693 et
1083 1644 1256 1709 ingenia
1283 1654 1433 1689 natura
1454 1640 1585 1688 fortia

296 1716 569 1764 iracundiam
589 1717 758 1777 ferunt,
790 1718 986 1782 nihilque
1012 1731 1140 1766 tenue
1169 1731 1213 1763 et
1246 1714 1356 1763 exile
1382 1712 1586 1776 capiunt,

298 1788 426 1853 ignea
456 1800 499 1836 et
528 1789 731 1839 fervida:
755 1791 828 1838 sed
852 1790 1134 1854 imperfec'tus
1165 1788 1234 1834 ille
1261 1786 1393 1849 vigor
1421 1783 1508 1842 est,
1537 1795 1585 1830 ut

300 1863 508 1911 omnibus
526 1881 636 1928 quae
654 1865 742 1912 sme
761 1878 854 1911 arte
868 1897 885 1921 ,
900 1864 1029 1927 ipfius
1048 1875 1214 1909 tantum
1236 1874 1414 1906 naturae
1435 1858 1585 1936 bono,

300 1936 550 2000 exsurgunt.
569 1935 643 1986 sed
665 1937 745 1984 nifi
762 1938 854 1985 cito
874 1937 1042 1984 domita
1061 1935 1178 1990 sunt,
1209 1948 1322 1997 quae
1336 1929 1585 1977 fortitudini

301 2021 402 2073 apta
416 2023 538 2058 erant
548 2046 561 2070 ,
576 2012 782 2060 audaciae
794 2010 1110 2074 temeritatique
1127 2007 1424 2057 consuescunt.
1435 2000 1586 2063 Quid?

303 2099 397 2130 non
417 2083 667 2133 mitioribus
687 2085 841 2133 animis
864 2084 971 2134 vitia
998 2084 1166 2130 leniora
1194 2079 1431 2129 coniuncta
1454 2075 1583 2124 sunt?

304 2171 355 2204 ut
384 2157 715 2218 misericordia,
751 2176 908 2217 amor,
945 2170 988 2205 et
1007 2155 1299 2208 .verecundia.
1329 2158 1474 2216 ltaque
1507 2151 1590 2198 tibi

305 2231 432 2294 saepe
459 2232 623 2279 bonam
650 2233 846 2280 indolem
872 2232 996 2279 malis
1017 2246 1199 2295 quoque
1225 2227 1310 2275 suis
1347 2225 1588 2273 ostendam.

305 2304 381 2352 sed
398 2322 489 2353 non
508 2306 611 2354 ideo
634 2305 744 2355 vitia
761 2324 852 2354 non
870 2306 966 2354 fimt
979 2341 990 2360 ‚
1013 2304 1043 2350 fi
1062 2316 1239 2350 naturae
1260 2300 1455 2347 melioris
1471 2297 1588 2344 indi-

305 2375 374 2423 cia
392 2376 500 2424 sunt.
521 2378 699 2426 Deinde
724 2395 882 2426 omnes
908 2378 1009 2425 istae
1028 2377 1196 2425 feritate
1224 2374 1383 2422 liberae
1415 2383 1590 2437 gentes,

306 2449 487 2497 leonum
517 2451 814 2516 luporumque
846 2451 959 2510 ritu,
990 2462 1038 2498 ut
1066 2449 1230 2498 servire
1257 2464 1348 2494 non
1380 2445 1585 2510 possunt,
