1741 2919
395 144 480 192 DE
516 142 910 189 CONSTANTIA
947 143 1006 188 Sa
1016 143 1254 191 PIENTIS.
1373 147 1429 193 28
1444 163 1458 192 1

195 248 341 296 Ceteri
365 247 574 311 sapientes
603 248 791 295 molliter
817 265 859 295 et
885 249 1068 308 blande,
1101 265 1147 295 ut
1177 249 1271 297 fere
1302 250 1461 297 dome-

195 322 285 370 s÷ici
312 334 354 369 et
385 321 616 369 familiares
654 320 844 379 medici,
880 322 1016 384 aegris
1046 323 1340 385 corporibus,
1374 340 1463 370 non

197 411 278 457 qua
299 395 520 458 optimum
543 409 584 441 et
613 395 887 442 celerrimum
916 394 976 440 est
1002 397 1251 453 medentur,
1280 396 1351 443 sed
1378 414 1465 461 qua

194 469 292 516 licet
314 486 325 515 :
349 469 483 516 Stoici
515 468 689 525 virilem
713 468 886 531 ingressi
915 468 1057 528 viam,
1092 486 1181 515 non
1205 483 1252 516 ut
1279 487 1465 517 amoena

193 540 439 587 ineuntibus
463 541 666 588 videatur
696 556 823 585 curae
852 540 1036 598 habent,
1065 541 1134 588 sed
1163 554 1210 587 ut
1239 542 1467 605 quampri-

196 630 316 659 mum
337 630 419 660 nos
442 613 653 676 eripiant,
669 613 771 657 etin
794 612 916 658 illum
938 614 1103 659 editum
1126 614 1336 660 verticem
1357 615 1467 661 edu-

197 699 320 745 cant,
341 687 416 749 qui
439 687 550 733 adeo
573 698 690 733 extra
716 701 896 732 omnem
919 686 992 732 teli
1018 686 1175 734 iactum
1196 685 1401 744 surrexit,
1420 703 1468 736 ut

196 760 321 822 supra
351 758 575 806 fortunam
604 758 808 805 emineat.
840 761 896 804 At
921 759 1055 805 ardua
1085 775 1160 821 per
1187 775 1299 821 quae
1329 776 1469 808 voca-

198 849 320 889 mur,
346 844 390 879 et
418 831 678 896 confragosa
706 831 814 878 sunt.
863 831 987 892 Quid
1019 832 1135 879 enim
1166 833 1300 895 plano
1329 835 1471 881 aditur

197 904 443 952 excelsum?
462 905 544 951 Sed
572 922 626 951 ne
654 916 743 950 tam
763 904 947 968 abrupta
976 904 1152 969 quidem
1189 904 1311 961 sunt,
1338 924 1470 970 quam

198 979 375 1042 quidam
395 994 564 1042 putant.
583 978 723 1042 prima
740 990 907 1026 tantum
929 996 1026 1042 pars
1046 980 1143 1026 saxa
1160 996 1376 1044 rupesque
1396 981 1471 1027 ha-

199 1051 294 1108 bet,
322 1066 366 1098 et
400 1051 509 1098 invii
532 1050 717 1112 speciem
746 1069 756 1098 ε
783 1050 887 1098 ficut
914 1051 1119 1115 pleraque
1145 1067 1196 1097 ex
1224 1051 1473 1117 longinquo

198 1123 514 1185 speculantibus
539 1123 713 1171 abscissa
738 1136 781 1171 et
806 1141 1006 1171 connexa
1025 1124 1168 1172 videri
1188 1124 1348 1182 solent,
1369 1143 1471 1173 cum

197 1197 335 1244 aciem
367 1197 661 1263 longinquitas
687 1198 818 1245 fallat.
861 1199 1041 1246 Deinde
1067 1198 1249 1262 propius
1276 1199 1475 1246 adeunti-

200 1269 278 1318 bus
296 1271 446 1317 eadem
468 1271 559 1328 illa,
587 1289 697 1334 quae
720 1272 762 1317 in
785 1289 918 1318 unum
935 1272 1206 1335 congesserat
1223 1289 1348 1319 error
1364 1290 1475 1320 ocu-

201 1342 368 1399 lorum,
389 1344 592 1409 paulatim
627 1345 959 1408 adaperiuntur:
978 1357 1069 1392 tum
1091 1344 1170 1393 illis
1185 1378 1200 1401 ‚
1221 1363 1330 1409 quae
1349 1359 1474 1410 prae-

199 1416 344 1480 cipitia
361 1435 415 1465 ex
434 1419 668 1466 intervallo
691 1421 974 1482 apparebant,
995 1420 1108 1467 redit
1127 1420 1224 1467 lene
1243 1420 1474 1484 fastigium.

198 1493 351 1554 Nuper
383 1509 483 1539 cum
518 1493 734 1540 incidisset
767 1494 934 1541 mentio
967 1497 1027 1541 M.
1061 1495 1270 1552 Catonis,
1298 1494 1474 1559 indigne

199 1563 364 1611 ferebas
395 1565 537 1628 (ficut
557 1583 601 1613 es
627 1568 868 1631 iniquitatis
897 1568 1156 1629 impatiens)
1186 1569 1309 1631 quod
1331 1569 1472 1614 Cato-

201 1652 299 1682 nem
326 1653 440 1684 aetas
466 1637 537 1683 sua
562 1654 715 1700 parum
739 1639 1036 1696 intellexisset,
1058 1641 1178 1703 quod
1199 1640 1321 1702 supra
1342 1642 1474 1686 Porn-

202 1710 324 1772 peios
351 1723 394 1756 et
420 1707 618 1757 Caesares
641 1711 884 1776 surgentem
902 1747 916 1769 ,
950 1711 1061 1759 infra
1085 1713 1283 1760 Vatinios
1305 1714 1474 1775 posuis-

202 1780 287 1828 set:
321 1798 366 1830 et
394 1782 471 1831 tibi
488 1782 718 1846 indignum
742 1785 998 1843 videbatur,
1019 1786 1139 1849 quod
1158 1786 1216 1832 illi
1237 1787 1473 1833 dissuasuro

144 1915 148 1927 ι
201 1854 341 1918 legem
356 1892 371 1913 ,
398 1871 500 1918 toga
525 1855 569 1901 in
592 1855 693 1902 soro
721 1856 823 1904 esset
843 1869 1013 1919 erepta,
1037 1858 1244 1920 quodque
1264 1875 1286 1903 a
1307 1858 1474 1905 Rostris

201 1926 334 1990 usque
347 1927 400 1973 ad
412 1943 560 1973 arcum
583 1928 836 1984 Fabianum,
852 1945 931 1989 per
946 1928 1168 1975 seditiosae
1182 1929 1376 1976 factionis
1390 1949 1475 1977 rna-

200 2015 279 2045 nus
298 1999 472 2052 stacius,
494 2016 630 2047 voces
659 2001 905 2062 improbas,
922 2013 965 2049 et
983 2001 1126 2062 sputa,
1142 2012 1184 2047 et
1197 2017 1351 2048 omnes
1370 2003 1470 2050 alias

199 2071 370 2119 insanae
404 2073 690 2120 multitudinis
731 2074 1016 2120 contumelias
1048 2073 1294 2135 pertulisset.
1338 2076 1469 2123 Tunc

197 2162 282 2209 ego
313 2146 547 2208 respondi,
576 2146 735 2192 habere
762 2158 804 2193 te
831 2147 955 2209 quod
983 2146 1265 2208 Reipublicae
1289 2149 1469 2194 nomine

199 2219 468 2277 movereris,
501 2235 629 2283 quam
662 2220 762 2265 hinc
793 2222 839 2267 P.
866 2220 1078 2278 Clodius,
1107 2219 1209 2267 hinc
1242 2222 1471 2280 Vatinius,

198 2307 246 2339 ac
273 2292 473 2354 pessimus
510 2292 692 2355 quisque
728 2292 1037 2347 venundabat,
1069 2304 1111 2339 et
1140 2308 1266 2338 caeca
1293 2294 1468 2354 cupidi-

195 2376 279 2411 tate
307 2364 529 2427 corrupti,
557 2381 647 2412 non
672 2365 991 2431 intelligebant,
1015 2365 1056 2413 se
1070 2400 1085 2426 ,
1106 2365 1212 2413 dum
1235 2366 1433 2415 vendunt
1449 2402 1467 2427 ,

195 2450 238 2485 et
273 2455 435 2487 venire.
