1741 2919
518 182 622 230 DE
667 182 798 230 IRA
848 182 988 229 LIB.
1035 183 1067 230 Ῐ.
1376 195 1432 226 21

147 305 264 353 quos
289 306 382 338 non
407 289 578 339 futuros
601 291 779 354 sperat?
810 289 923 340 Illius
948 290 1092 353 itaque
1124 286 1356 336 sumendus
1379 286 1440 334 est

146 363 347 422 animus,
374 381 484 429 quae
512 381 604 412 non
637 365 868 421 irascitur,
898 364 971 410 sed
1003 362 1242 410 constituit.
1269 362 1383 408 Nam
1407 359 1440 407 fi

145 435 270 483 bono
297 438 400 485 viro
425 438 486 485 ob
514 437 626 484 mala
656 437 852 485 facinora
881 436 1005 484 irasci
1035 435 1279 493 convenit,
1310 446 1353 481 et
1377 433 1441 480 ob

146 508 358 559 secundas
383 528 450 559 res
469 512 686 559 malorum
707 511 941 559 hominum
962 510 1163 558 invidere
1186 508 1442 557 conveniet.

147 583 273 643 Quid
289 583 406 631 enim
427 584 488 633 est
507 585 728 648 indignius
743 621 756 644 ‚
780 602 912 648 quam
934 584 1095 631 florere
1121 583 1338 647 quosdam
1353 619 1367 640 ‚
1397 594 1442 629 et

145 672 224 704 eos
254 658 522 723 indulgentia
553 660 756 707 fortunae
784 659 933 716 abuti,
968 658 1124 721 quibus
1155 657 1273 703 nulla
1297 654 1442 719 potest

146 731 244 797 satis
267 734 381 780 mala
399 734 591 782 inveniri
621 734 827 781 fortuna?
858 734 940 780 Sed
967 745 1055 780 tam
1081 731 1321 778 commoda
1339 729 1442 775 illo-

144 820 244 850 rum
265 803 353 853 fine
381 807 549 854 invidia
575 807 774 863 videbit,
799 824 932 870 quam
953 806 1112 854 scelera
1139 805 1227 852 fine
1248 804 1325 851 ira.
1347 805 1441 850 Bo-

146 894 227 924 nus
247 878 381 926 iudex
394 880 571 927 damnat
585 881 643 927 im
650 881 876 944 probanda
889 896 902 935 3
925 896 1016 926 non
1037 878 1146 925 odit.
1162 877 1289 937 Quid
1303 879 1442 940 ergo?

145 968 237 998 non
251 987 265 1010 ‚
298 969 401 999 cum
419 953 641 1000 eiusmodi
663 953 828 1017 aliquid
847 951 1017 1015 sapiens
1035 950 1212 997 habebit
1231 949 1277 995 in
1295 948 1442 994 mani-

145 1023 247 1082 bus,
265 1036 460 1087 tangetur
473 1026 645 1072 animus
662 1025 778 1081 eius,
796 1024 966 1087 eritque
987 1022 1116 1070 solito
1135 1020 1442 1069 commotior?

146 1099 320 1144 Fateor.
338 1097 501 1144 Sentiet
519 1097 665 1144 levem
687 1097 934 1161 quendam,
959 1109 1228 1159 tenuemque
1251 1108 1440 1142 motum.

147 1171 292 1228 Nam,
325 1185 372 1218 ut
399 1170 510 1218 dixit
542 1172 697 1229 Zeno,
725 1171 772 1217 in
805 1171 1012 1234 sapientis
1042 1187 1227 1233 quoque
1259 1168 1442 1228 animo,

147 1243 281 1290 etiam
308 1261 411 1292 cum
431 1244 589 1292 vulnus
611 1244 801 1291 sanatum
824 1243 910 1299 est,
942 1244 1127 1291 cicatrix
1149 1256 1309 1288 manet.
1330 1245 1442 1288 Sen-

147 1313 229 1361 tiet
246 1315 392 1380 itaque
412 1315 678 1378 suspiciones
692 1318 900 1381 quasdam
919 1328 961 1363 et
978 1316 1155 1363 umbras
1173 1315 1407 1362 affectuum
1428 1334 1442 1362 ⁴.-

145 1385 248 1449 ipfis
276 1388 457 1451 quidem
492 1390 673 1437 carebit.
708 1389 960 1437 Aristoteles
989 1389 1070 1447 ait,
1104 1388 1283 1436 affectus
1307 1405 1443 1452 quos-

147 1458 247 1504 dam
264 1494 279 1517 ,
309 1459 341 1505 fi
359 1461 456 1523 quis
479 1461 559 1508 illis
579 1462 691 1509 bene
716 1474 859 1508 utatur
875 1496 889 1520 ,
908 1478 994 1524 pro
1023 1461 1156 1508 armis
1176 1460 1275 1508 effe.
1301 1460 1445 1521 Quod

147 1549 305 1579 verum
326 1533 464 1593 foret,
491 1534 522 1581 fi
542 1535 663 1582 velut
682 1535 838 1582 bellica
856 1536 1144 1582 instrumenta
1169 1534 1277 1581 sumi
1297 1533 1443 1596 depo-

151 1603 284 1670 nique
301 1606 472 1669 poffent
488 1607 708 1655 induentis
724 1608 920 1655 arbitrio.
934 1609 1056 1654 Haec
1071 1623 1208 1665 arma,
1225 1623 1335 1670 quae
1344 1605 1446 1653 Ari-

149 1677 328 1727 stoteles
346 1679 502 1729 virtuti
521 1682 593 1728 dat
606 1714 621 1737 ,
641 1681 730 1745 ipsa
752 1699 831 1744 per
852 1681 892 1728 se
911 1692 1105 1746 pugnant
1119 1716 1132 1738 ‚
1154 1697 1245 1726 non
1264 1680 1444 1744 exspec-

149 1766 244 1800 tant
260 1771 452 1801 manum.
471 1755 654 1810 habent,
671 1766 714 1802 et
731 1771 822 1801 non
836 1754 1067 1802 habentur.
1083 1754 1159 1800 Nil
1177 1751 1270 1799 aliis
1287 1752 1446 1799 instru==

152 1827 314 1874 mentis
341 1843 455 1890 opus
490 1828 551 1875 est
579 1846 589 1875 :
616 1827 713 1875 satis
742 1844 822 1875 nos
850 1825 1051 1874 instruxit
1078 1826 1249 1872 ratione
1279 1837 1446 1872 natura.

152 1901 274 1950 Haec
292 1901 412 1948 dedit
430 1902 563 1950 telum
577 1938 591 1961 ‚
610 1901 788 1949 firmum
806 1937 819 1959 ‚
842 1913 1103 1964 perpetuum
1125 1936 1139 1956 ‚
1163 1898 1409 1962 obsequens
1430 1932 1447 1955 ‚

153 1990 236 2020 nec
267 1991 455 2038 anceps,
486 1993 569 2023 nec
599 1977 724 2039 quod
752 1976 798 2021 in
828 1974 1060 2020 dominum
1094 1972 1261 2020 remitti
1289 1972 1448 2036 poffet.

154 2049 262 2094 Non
292 2048 349 2095 ad
377 2048 707 2111 providendum
732 2061 930 2106 tantum,
963 2047 1034 2094 sed
1063 2047 1118 2093 ad
1144 2062 1210 2092 res
1237 2045 1448 2109 gerendas

154 2121 251 2168 satis
280 2120 342 2168 est
373 2138 452 2185 per
481 2122 523 2169 se
550 2121 640 2185 ipsa
666 2121 796 2168 ratio.
817 2121 991 2169 Etenim
1019 2120 1126 2183 quid
1157 2118 1217 2164 est
1250 2117 1418 2164 stultius
1430 2149 1450 2173 ‚.

154 2212 285 2258 quam
311 2195 422 2244 hanc
446 2198 500 2244 ab
520 2196 742 2245 iracundie
765 2209 913 2260 petere
936 2194 1195 2258 praesidium
1214 2209 1225 2238 :
1253 2209 1348 2239 rem
1366 2191 1450 2238 sta-

157 2268 292 2315 bilem
312 2270 368 2316 ab
389 2270 555 2318 incerta
569 2307 582 2329 ,
600 2270 774 2318 fidelem
793 2270 848 2316 ab
866 2269 1001 2315 infida
1017 2304 1031 2326 ,
1051 2267 1194 2314 sanam
1217 2266 1271 2313 ab
1288 2263 1450 2328 aegra?

158 2343 282 2404 Quid
297 2379 310 2400 ‚
329 2344 452 2407 quod
469 2345 523 2391 ad
541 2344 734 2391 actiones
752 2359 932 2407 quoque
946 2377 960 2398 ,
978 2341 1022 2387 in
1041 2340 1201 2404 quibus
1218 2338 1316 2386 solis
1333 2354 1449 2401 ope-

157 2434 205 2464 ra
237 2417 484 2465 iracundiae
507 2417 685 2465 videtur
712 2415 978 2470 necessaria,
1005 2413 1145 2459 multo
1168 2430 1245 2475 per
1268 2412 1309 2459 se
1335 2411 1456 2458 ratio

156 2487 321 2542 fortior
349 2488 444 2539 est?
468 2492 587 2540 Nam
615 2507 718 2541 cum
743 2488 958 2540 iudicavit
978 2485 1143 2601 aliquli3d
1170 2484 1456 2543 faciendam,

1164 2565 1189 2616 Ξ
