1741 2919
304 178 752 226 CONSOLATIO
786 179 879 225 AD
915 179 1254 226 MARCIAM.
1325 191 1410 238 203

143 297 191 335 ut
209 286 386 351 quidam
411 286 513 333 odia
530 285 725 332 filiorum
742 284 942 332 simulent
957 319 972 342 ,
991 297 1033 333 et
1048 286 1208 332 liberos
1226 283 1417 341 eiurent,

141 371 187 407 et
211 359 446 406 orbitatem
481 375 611 404 manu
641 355 811 404 faciant.
852 359 952 403 Scio
980 357 1087 421 quid
1119 357 1233 403 dicas
1263 373 1274 402 :
1309 357 1417 402 Non

141 443 326 479 movent
351 448 424 478 me
454 430 713 478 detrimenta
740 446 846 476 mea.
872 431 1033 477 etenim
1060 446 1150 475 non
1173 428 1234 474 est
1261 428 1417 491 dignus

140 502 326 560 solatio,
345 501 421 564 qui
443 500 581 547 filium
607 499 684 546 fibi
711 500 954 558 deceffiffe,
978 501 1085 548 ficut
1115 500 1380 562 mancipium
1400 533 1415 556 ‚

140 574 321 622 moleste
349 573 463 635 fert:
485 573 555 621 cui
579 572 817 637 quidquam
838 573 884 619 in
910 573 1003 619 filio
1028 571 1265 634 respicere,
1293 587 1417 633 prae-

139 663 206 695 ter
235 646 406 710 ipsum,
434 658 575 693 vacat.
603 645 726 706 Quid
750 645 883 707 igitur
908 659 976 704 te,
1009 645 1196 700 Marcia,
1226 643 1413 691 movet?

138 731 315 775 utrum,
343 719 466 781 quod
494 718 607 769 filius
625 731 725 764 tuus
742 717 920 766 deceffit
940 736 950 765 :
973 735 1026 764 an
1042 755 1055 775 ‚
1078 718 1200 782 quod
1218 733 1309 762 non
1339 715 1416 762 diu

139 790 292 838 vixit?
322 791 364 837 Si
383 824 398 848 ‚
425 791 550 854 quod
574 789 751 836 deceffit
770 826 785 847 ,
816 789 988 852 semper
1019 789 1202 836 debuisti
1233 787 1380 834 dolere
1402 805 1413 833 ε

134 861 310 926 semper
343 865 461 911 enim
496 862 605 910 scisti
633 861 763 908 mori.
794 861 975 925 Cogita,
1008 861 1134 908 nullis
1160 861 1416 907 defunfilum

134 936 264 984 malis
306 937 431 985 affici.
471 936 540 983 illa
569 952 680 998 quae
717 934 845 981 nobis
875 934 1043 981 inferos
1085 933 1252 981 faciunt
1286 932 1416 980 terri-

133 1008 272 1067 biles,
301 1009 491 1057 fabulam
527 1009 624 1056 effe.
676 1007 822 1054 Nullas
855 1006 1088 1055 imminere
1128 1006 1317 1052 mortuis
1347 1020 1418 1052 te-

135 1081 317 1138 nebras,
338 1100 419 1131 nec
439 1098 658 1130 carcerem
678 1113 694 1136 ‚
722 1098 804 1128 nec
835 1079 1018 1126 flumina
1043 1080 1267 1143 flagrantia
1285 1079 1386 1143 igne
1401 1115 1418 1141 ,

134 1170 219 1201 nec
259 1155 500 1201 oblivionis
530 1172 703 1202 amnem
724 1190 737 1211 ,
774 1169 856 1201 nec
885 1154 1118 1201 tribunalia
1143 1191 1157 1211 ‚
1195 1167 1377 1202 et1reos
1403 1188 1418 1210 ‚

135 1237 179 1274 et
197 1216 348 1273 instilla
376 1228 574 1274 libertate
608 1239 695 1274 tam
720 1226 815 1272 laxa
848 1225 964 1272 ullos
992 1226 1152 1272 iterum
1185 1239 1417 1289 tyrannos.

135 1299 346 1346 Luserunt
371 1299 447 1346 ista
475 1301 654 1362 poetae,
681 1312 724 1345 et
750 1299 874 1346 vanis
903 1316 984 1346 nos
1012 1299 1233 1362 agitavere
1270 1312 1418 1346 terro-

135 1369 268 1418 ribus.
297 1374 422 1419 Mors
447 1373 648 1419 omnium
670 1371 877 1418 dolorum
898 1384 940 1418 et
965 1372 1125 1419 solutio
1146 1371 1206 1419 est
1224 1387 1266 1420 et
1287 1371 1413 1420 finis:

133 1444 246 1492 ultra
274 1463 405 1508 quam
431 1446 544 1492 mala
576 1446 719 1492 nostra
745 1463 835 1491 non
859 1459 1043 1503 exeunt,
1064 1464 1174 1510 quae
1196 1464 1276 1494 nos
1293 1447 1338 1494 in
1361 1446 1416 1493 il-

131 1519 219 1565 lam
237 1520 592 1584 tranquillitatem
608 1556 620 1575 ‚
640 1521 684 1565 in
705 1536 789 1583 qua
809 1533 1040 1583 antequam
1057 1521 1332 1568 nasceremur
1346 1521 1414 1567 ia-

132 1592 331 1651 cuimus,
361 1593 548 1655 reponit.
586 1593 629 1639 Si
663 1606 944 1640 mortuorum
972 1594 1126 1656 aliquis
1157 1595 1413 1650 miseretur,

133 1677 178 1711 et
205 1682 297 1711 non
325 1680 530 1712 natorum
562 1665 826 1713 misereatur.
861 1668 986 1713 Mors
1018 1685 1099 1715 nec
1136 1668 1304 1715 bonum
1332 1686 1413 1716 nec

132 1735 298 1782 malum
329 1736 402 1784 est.
441 1738 491 1783 ld
517 1737 635 1784 enim
668 1738 813 1800 potest
844 1751 919 1785 aut
944 1739 1111 1785 bonum
1146 1751 1218 1785 aut
1247 1739 1411 1787 malum

132 1808 241 1866 effe,
261 1809 384 1872 quod
414 1810 577 1874 aliquid
608 1809 698 1857 est:
717 1812 839 1874 quod
871 1828 982 1859 vero
1014 1812 1155 1873 ipsum
1184 1812 1291 1857 nihil
1317 1811 1378 1858 est
1398 1846 1414 1870 ,

131 1896 177 1928 et
213 1881 363 1928 omnia
401 1881 446 1928 in
481 1883 666 1929 nihilum
702 1884 861 1948 redigit
888 1922 902 1941 ‚
943 1885 1046 1930 nulli
1089 1901 1171 1932 nos
1205 1884 1411 1932 fortunae

129 1956 272 2004 tradit.
302 1957 419 2004 Mala
445 1959 561 2005 enim
589 1960 795 2022 bonaque
823 1961 938 2007 circa
965 1959 1155 2023 aliquam
1173 1961 1411 2008 'versantur

129 2029 370 2077 materiam.
401 2032 506 2077 Non
529 2030 671 2094 potest
697 2031 742 2076 id
766 2031 940 2078 fortuna
971 2045 1150 2089 tenere,
1178 2033 1304 2095 quod
1332 2051 1411 2080 na-

128 2111 226 2147 tura
258 2101 447 2149 dimifit:
478 2121 560 2150 nec
588 2103 730 2166 potest
760 2103 889 2150 miser
914 2104 999 2151 effe
1017 2140 1030 2160 ,
1056 2105 1131 2169 qui
1162 2105 1304 2152 nullus
1334 2104 1409 2152 est.

129 2176 314 2224 Exceffit
346 2177 458 2226 filius
488 2190 586 2225 tuus
623 2178 870 2238 terminos,
911 2180 1023 2226 intra
1057 2197 1172 2244 quos
1207 2180 1409 2231 servitur.

59 2244 67 2253 ’
127 2250 312 2313 Excepit
341 2251 464 2298 illum
492 2269 647 2318 magna
672 2265 715 2300 et
745 2265 918 2300 aeterna
951 2271 1035 2317 pax
1063 2272 1073 2300 :
1106 2270 1197 2300 non
1223 2270 1411 2317 pauper-

130 2322 227 2370 tatis
275 2339 426 2383 mem,
471 2344 564 2374 non
601 2327 857 2374 divitiarum
907 2346 1045 2383 cura,
1086 2345 1176 2375 non
1216 2328 1410 2374 libidinis

130 2413 212 2460 per
251 2398 528 2461 voluptatem
564 2401 734 2447 animos
770 2403 984 2464 carpentis
1019 2402 1199 2449 stimulis
1234 2402 1410 2453 inceffi-

130 2483 226 2532 tur,
258 2488 349 2520 non
368 2473 532 2524 invidia
552 2474 766 2525 felicitatis
784 2477 944 2525 alienae
964 2479 1176 2542 tangitur,
1210 2493 1290 2526 nec
1311 2477 1415 2525 suae·
