1741 2919
282 159 345 219 84
547 161 595 206 L.
645 160 936 206 ANNAEI
984 159 1339 206 SENECAE

277 267 415 326 mini,
441 266 520 332 qui
544 267 616 315 illa
652 267 926 331 patiebatur;
955 266 1201 315 diffimilior
1234 278 1362 327 erat,
1395 265 1472 332 qui
1504 266 1571 315 fa-

275 340 434 388 ciebat.

346 416 514 461 XVffl.
538 413 720 461 Utinam
747 412 825 460 ista
853 412 1034 461 saevitia
1060 413 1173 460 intra
1192 412 1420 477 peregrina
1446 431 1571 461 man-

276 488 388 536 siffet
413 487 615 550 exempla
629 523 645 544 ‚
668 486 812 535 necin
834 488 1065 536 Romanos
1086 505 1234 536 mores
1253 505 1355 536 cum
1380 489 1474 536 aliis
1494 491 1571 536 ad-

276 561 475 610 ventitiis
504 559 622 606 vitiis
640 595 653 618 ,
675 570 718 605 et
748 559 1064 623 suppliciorum
1092 561 1345 625 irarumque
1372 562 1571 609 barbaria

275 630 512 680 tranfiffeti
534 634 596 677 Μ.
616 631 787 690 Mai-ic,
808 632 880 679 cui
897 631 1079 680 vicatim
1100 634 1292 696 populus
1311 633 1467 681 statuas
1486 651 1571 697 po-

274 705 415 754 suerat
431 740 445 763 ,
470 704 539 751 cui
569 705 696 751 thure
717 715 761 751 et
784 705 897 753 vino
925 708 1154 753 Romanus
1180 707 1372 771 populus
1408 707 1570 772 suppli-

274 780 427 837 cabat,
445 781 493 825 L.
510 779 631 842 Sylla
660 777 875 841 perfringi
905 795 1034 826 crura
1049 815 1063 837 ,
1082 781 1177 826 erui
1196 781 1354 829 oculos
1368 815 1382 838 ‚
1412 799 1570 845 ampu-

275 854 357 902 tari
375 870 528 900 manus
547 851 661 900 iuffit
677 870 690 909 3
709 866 752 900 et
771 851 888 916 quasi
905 852 1068 900 totiens
1086 854 1334 914 occideret,
1360 856 1568 919 quotiens

275 929 561 982 vulnerabat,
587 925 796 991 paulatim
815 940 859 974 et
887 943 966 988 per
985 926 1176 991 singulos
1201 940 1320 975 artus
1346 927 1571 977 laceravit.

275 1002 391 1062 Quis
412 1013 504 1048 erat
518 1001 648 1048 huius
661 998 838 1063 imperii
858 999 1087 1048 minister?
1107 999 1208 1064 quis
1222 1035 1236 1058 ‚
1256 992 1569 1057 niffCatilina,

272 1075 360 1122 iam
383 1075 428 1121 in
448 1091 585 1121 omne
605 1073 777 1120 facinus
793 1089 948 1120 manus
968 1089 1178 1120 exercens
1198 1077 1214 1119 ?
1235 1072 1307 1121 hic
1322 1072 1448 1121 illum
1465 1087 1568 1121 ante

269 1147 446 1195 bustum
468 1148 529 1206 Q.
546 1145 690 1192 Catuli
710 1144 940 1208 carpebat,
957 1144 1232 1209 gravissimus
1250 1144 1461 1193 mitiffimi
1480 1145 1568 1194 viri

272 1220 520 1269 cineribus:
558 1216 686 1282 supra
714 1234 828 1281 quos
858 1218 929 1266 vir
958 1218 1060 1265 mali
1089 1217 1310 1282 exempli,
1338 1219 1568 1283 popularis

272 1306 421 1341 tamen
439 1325 454 1348 ‚
486 1305 530 1339 et
555 1309 645 1340 non
672 1304 760 1339 tam
791 1292 1017 1339 immerito
1045 1309 1178 1356 quam
1206 1291 1338 1340 nimis
1368 1306 1567 1352 amatus,

273 1382 354 1429 per
380 1364 594 1412 stillicidia
622 1364 876 1429 sanguinem
902 1365 1045 1413 dabat.
1069 1365 1246 1429 Dignus
1275 1378 1369 1413 erat
1399 1367 1565 1414 Marius

271 1442 350 1506 qui
369 1442 438 1488 illa
460 1453 703 1505 pateretur,
733 1441 854 1505 Sylla
876 1441 953 1505 qui
975 1441 1173 1497 iuberet,
1193 1440 1480 1505 Catilinassqui
1500 1440 1565 1488 fa-

271 1528 423 1563 ceret:
453 1516 526 1563 sed
551 1514 732 1579 indigna
755 1513 1013 1578 Respublica
1032 1531 1145 1578 quae
1175 1515 1221 1560 in
1250 1529 1413 1577 corpus
1437 1514 1562 1561 suum

269 1589 437 1653 pariter
469 1600 514 1635 et
550 1587 743 1634 hostium
780 1600 824 1634 et
862 1586 1091 1634 vindicum
1128 1586 1298 1650 gladios
1333 1587 1564 1649 reciperet.

271 1661 400 1721 Quid
427 1660 606 1724 antiqua
634 1659 920 1723 perscrutor?
947 1660 1089 1707 modo
1113 1661 1168 1706 C.
1195 1658 1354 1706 Caesar
1383 1661 1562 1707 Sextum

269 1733 526 1797 papinium,
553 1732 625 1779 cui
646 1747 768 1795 pater
787 1745 878 1780 erat
899 1732 1136 1780 consularis
1152 1769 1166 1791 ,
1180 1732 1440 1780 Betilienum
1461 1732 1564 1779 Bas-

270 1809 365 1855 sum
387 1805 666 1870 quaestorem
687 1806 813 1853 suum
839 1805 1145 1853 Procuratoris
1171 1806 1234 1853 sui
1263 1804 1399 1852 silium
1415 1838 1429 1862 9
1453 1805 1565 1855 alios

268 1882 500 1927 Senatores
523 1891 567 1926 et
583 1879 751 1943 equites
766 1881 994 1926 Romanos
1008 1915 1022 1934 ,
1042 1895 1133 1926 uno
1154 1879 1226 1925 die
1249 1877 1430 1943 flagellis
1448 1878 1564 1927 ceci-

264 1953 334 2003 ,dit
349 1989 362 2011 ‚
379 1951 505 1999 torsit
522 1988 535 2010 ‚
556 1969 648 1998 non
667 1951 934 2014 quaestionis
950 1987 964 2010 a
984 1951 1055 1998 sed
1072 1951 1207 1997 animi
1224 1952 1362 1998 causa.
1382 1951 1562 1999 Deinde
1629 1970 1633 1978 ¹

267 2025 382 2085 adeo
405 2023 635 2086 impatiens
656 2023 741 2071 fuit
760 2024 1029 2070 differendae
1050 2023 1315 2087 voluptatis,
1335 2041 1468 2087 quam
1490 2024 1563 2070 in-

267 2111 447 2163 gentem
473 2098 704 2145 crudelitas
725 2098 819 2145 eius
839 2097 927 2146 fine
951 2098 1163 2145 dilatione
1186 2098 1422 2161 poscebat,
1448 2109 1496 2144 ut
1514 2098 1562 2145 in

267 2172 402 2237 xysto
433 2186 736 2219 maternorum
772 2173 1032 2230 hortorum,
1058 2172 1135 2236 qui
1164 2172 1388 2235 porticum
1420 2189 1443 2218 a
1465 2173 1563 2236 ripa

266 2244 436 2307 separat
455 2279 469 2301 ‚
487 2245 765 2292 inambulans
778 2281 792 2304 ‚
812 2247 1027 2309 quosdam
1045 2262 1102 2292 ex
1118 2245 1202 2291 illis
1224 2262 1328 2291 cum
1346 2247 1562 2295 matronis

265 2330 396 2380 atque
417 2319 510 2365 aliis
529 2318 801 2366 senatoribus
828 2319 882 2364 ad
912 2318 1135 2365 lucernam
1156 2318 1406 2365 decollaret.
1433 2319 1560 2380 Quid

266 2390 449 2438 instabat
469 2392 487 2437 ἓ
508 2393 632 2455 quod
653 2392 896 2454 periculum
917 2427 931 2449 ,
949 2403 1023 2438 aut
1048 2391 1275 2454 privatum
1288 2426 1302 2450 ,
1323 2402 1397 2437 aut
1415 2390 1559 2454 publi-

264 2481 369 2515 cum
400 2481 487 2512 una
522 2482 616 2514 nox
644 2465 925 2516 minabatur?
964 2465 1225 2531 quantulum
1255 2463 1552 2531 fuit‚dlucem
