1741 2919
477 165 581 212 DE
634 165 755 212 IRA
805 163 945 211 LIB.
994 164 1103 211 ῘῙῙ.
1375 183 1439 228 77

147 271 314 320 vellent
349 288 504 320 manus
533 271 574 320 ei
609 272 899 319 commodare
916 307 930 331 ‚
955 284 999 318 et
1027 272 1134 320 alius
1165 270 1298 328 hinc,
1333 272 1443 319 alius

148 344 268 393 illinc
287 345 403 393 faces
431 344 688 401 subderent3
711 345 888 407 placido
915 345 1068 391 animo
1095 345 1263 404 tulisse,
1286 358 1329 394 et
1352 346 1444 394 hoc

148 417 416 466 irritantibus
434 417 701 481 respondisse
718 453 730 476 ‚
751 418 857 463 Non
875 418 1012 480 magis
1025 417 1086 464 illi
1105 417 1146 464 se
1164 418 1412 467 succensere
1424 451 1444 475 ,

147 508 281 554 quam
307 492 338 538 fi
362 493 458 556 quis
476 491 682 556 obligatis
703 491 841 539 oculis
872 493 917 537 in
940 493 981 537 se
1003 491 1260 538 incurrisset.
1282 495 1443 557 Magna

147 579 248 626 pars
265 565 463 628 querelas
492 581 629 613 manu
657 564 789 623 fecit,
820 576 895 611 aut
919 564 1020 611 falsa
1045 564 1338 629 suspicando,
1367 579 1443 615 aut

146 634 264 684 levia
292 637 588 701 aggrayando.

213 709 314 755 XII.
342 711 477 772 Saepe
501 710 556 756 ad
574 726 655 756 nos
673 708 735 757 ira
755 708 904 766 venit,
922 709 1192 773 saepius‘nos
1218 711 1273 757 ad
1293 710 1442 759 illam:

145 795 260 843 quae
283 798 509 845 nunquam
550 781 799 828 arcessenda
828 781 889 828 est
915 798 927 828 ε
957 783 1087 828 etiam
1119 800 1218 829 cum
1253 783 1442 840 incidit,

143 854 379 902 reiiciatur.
399 856 548 902 Nemo
573 855 679 902 dicit
698 854 807 901 fibi:
837 856 938 902 Hoc
965 869 1151 918 propter
1176 857 1299 919 quod
1334 856 1442 904 iras-

145 942 252 985 cor,
283 943 357 975 aut
379 927 466 974 feci
484 964 497 987 ‚
517 941 592 975 aut
618 927 769 974 feciss'e
798 927 940 990 potui.
963 930 1113 974 Nemo
1139 930 1335 976 animum
1370 929 1442 976 fa-

143 999 326 1060 cientis,
351 1001 424 1048 sed
444 1000 584 1064 ipsum
607 1001 800 1049 aestimat
819 1003 995 1050 faustum.
1027 1004 1148 1067 atqui
1168 1005 1239 1054 ille
1261 1005 1440 1055 intuen-

143 1073 225 1120 dus
253 1074 315 1120 est
343 1091 354 1121 ε
386 1076 606 1133 voluerit,
635 1094 689 1122 an
712 1076 948 1123 inciderit:
970 1079 1148 1125 coafilus
1177 1079 1250 1137 fit,
1279 1098 1333 1127 an
1359 1082 1440 1130 de-

141 1160 292 1211 ceptus
311 1167 322 1195 ε
343 1149 498 1196 odium
513 1149 681 1196 secutus
707 1149 781 1205 sit,
797 1167 851 1196 an
871 1149 1115 1213 praemium
1138 1167 1148 1196 :
1167 1148 1244 1197 fibi
1264 1168 1440 1202 morem

141 1219 348 1282 gesserit,
383 1237 438 1267 an
471 1238 652 1267 manum
688 1222 810 1269 alteri
850 1222 1225 1270 commodaverit.
1255 1225 1440 1288 Aliquid

141 1293 366 1354 peccantis
392 1306 508 1340 aetas
539 1293 676 1353 facit,
710 1294 877 1358 aliquid
910 1293 1090 1341 fortuna
1118 1311 1129 1338 :
1165 1311 1213 1342 ut
1243 1295 1357 1344 ferre
1386 1315 1439 1348 ac

139 1363 252 1425 pati,
272 1378 346 1410 aut
364 1364 604 1410 humanum
617 1401 630 1423 ‚
652 1378 726 1412 aut
746 1365 912 1412 humile
932 1365 995 1412 fit.
1014 1367 1081 1411 Eo
1099 1366 1204 1413 loco
1222 1384 1304 1414 nos
1321 1386 1439 1418 con-

139 1433 401 1492 stituamus‚.
419 1453 511 1500 quo
532 1437 604 1482 ille
622 1437 684 1483 est
711 1439 783 1484 cui
811 1438 1052 1484 irascimur.
1084 1456 1201 1485 nunc
1225 1439 1330 1487 facit
1348 1442 1438 1489 ira-

138 1509 311 1556 cundos
329 1509 479 1573 iniqua
499 1509 636 1556 nostri
658 1511 902 1557 aestimatio
915 1547 928 1567 ‚
949 1523 992 1557 et
1011 1528 1123 1574 quae
1141 1511 1286 1559 facere
1301 1514 1437 1562 velle-

137 1597 256 1640 mus,
276 1582 364 1644 pati
388 1582 608 1633 nolumus.
629 1583 777 1629 Nemo
797 1583 838 1629 se
856 1582 1017 1630 differt.
1047 1584 1168 1648 atqui
1187 1585 1435 1635 maximum

136 1652 381 1700 remedium
413 1653 528 1711 irae,
564 1654 718 1700 dilatio
748 1653 809 1700 est
841 1671 850 1698 τ
888 1668 935 1701 ut
961 1656 1128 1718 primus
1154 1656 1246 1704 eius
1276 1656 1434 1705 fervor

135 1726 465 1792 relanguescat,
486 1739 530 1774 et
546 1728 693 1791 caligo
711 1746 823 1792 quae
842 1729 1007 1792 premit
1031 1744 1226 1777 mentem
1241 1766 1255 1789 ,
1272 1745 1345 1778 aut
1364 1749 1434 1780 re-

136 1802 268 1862 fidat,
288 1815 361 1849 aut
391 1804 536 1849 minus
560 1803 688 1849 densa
716 1804 779 1850 fit.
809 1803 1041 1864 Quaedam
1072 1820 1128 1850 ex
1147 1803 1215 1851 his
1241 1822 1352 1869 quae
1387 1819 1432 1855 te

134 1876 418 1940 praecipitem
437 1875 661 1934 ferebant,
696 1877 832 1934 hora,
859 1893 950 1923 non
968 1888 1140 1923 tantum
1160 1876 1250 1923 dies
1264 1913 1277 1936 ‚
1313 1879 1431 1926 mol-

133 1951 237 1998 liet:
255 1951 471 2014 quaedam
491 1966 545 1996 ex
564 1962 664 1996 toto
689 1950 962 1998 evanescent.
990 1950 1034 1996 Si
1063 1950 1107 1995 in
1128 1950 1216 1997 hoc
1236 1951 1318 1998 erit
1347 1969 1431 2015 pe-

133 2024 214 2071 tita
248 2023 521 2078 advocati0‚
554 2023 779 2086 apparebit
814 2023 899 2068 iam
935 2022 1147 2068 iudicium
1180 2021 1297 2079 effe,
1336 2040 1430 2071 non

132 2095 257 2144 iram.
274 2096 510 2160 Quidquid
532 2098 656 2143 voles
683 2097 812 2159 quale
831 2097 879 2141 fit
900 2096 1008 2142 scire
1027 2129 1042 2149 ‚
1066 2094 1260 2157 tempori
1291 2096 1428 2143 trade.

132 2168 243 2215 nihil
269 2169 501 2232 diligenter
518 2169 562 2216 in
582 2168 720 2216 fluflu
742 2170 952 2216 cernitur.
984 2171 1091 2216 Non
1116 2168 1262 2231 potuit
1281 2168 1428 2231 impe-

132 2252 247 2288 trare
271 2242 398 2288 Plato
420 2258 443 2286 a
467 2241 509 2289 se
534 2253 729 2305 tempus,
762 2259 863 2288 cum
884 2242 1015 2289 servo
1036 2241 1117 2287 suo
1141 2240 1426 2298 irasceretur,

132 2315 207 2363 sed
230 2331 396 2378 ponere
412 2316 535 2362 illum
554 2315 694 2362 statim
713 2318 907 2363 tunicam
920 2351 934 2372 ‚
948 2329 990 2362 et
1012 2316 1219 2378 praebere
1233 2314 1424 2378 scapulns

132 2390 396 2438 verberibus
413 2391 529 2436 iuffit
544 2424 559 2447 ‚
590 2392 663 2438 sua
686 2408 816 2438 manu
835 2392 924 2453 ipse
948 2392 1160 2439 caesurus.
1183 2391 1423 2455 Postquam

131 2462 346 2513 intellexit
365 2464 492 2514 irasci
510 2465 552 2514 se
566 2501 581 2526 ‚
599 2466 706 2516 ficut
723 2465 960 2525 sustulerat,
976 2481 1159 2513 manum
1173 2464 1422 2530 suspensam
