1741 2919
497 145 602 193 Da
650 145 783 192 IRA
831 145 960 193 Lis.
1013 146 1081 192 11
1378 162 1430 211 ,ς

146 253 270 314 litas,
295 253 484 314 iustitia,
509 255 625 303 fides
635 253 838 320 exigunt:
860 270 971 318 quae
1001 252 1154 302 omnia
1177 264 1301 304 extra
1320 256 1436 320 pub-

143 329 246 378 licas
267 329 433 378 tabulas
455 328 582 376 sunt
571 328 588 364 ἓ

208 404 527 451 XXV111.Sed
547 418 601 450 ne
630 402 685 451 ad
708 401 827 451 illam
853 402 1033 466 quidem
1060 403 1213 452 arEhff
1217 421 1335 453 mam
1365 405 1436 454 in·-

141 475 376 525 nocentiae
404 476 645 524 formulam
683 475 897 541 praestare
932 493 1013 526 nos
1053 478 1298 542 poffumus.
1334 481 1434 529 Alia

140 549 350 608 fecimus,
381 550 463 597 alia
482 549 781 614 cogitavimus
802 568 814 597 ι
841 551 922 597 alia
940 552 1225 614 optavimus,
1249 554 1342 602 aliis
1368 555 1433 602 fa-

74 627 76 630 ’
141 624 321 673 vimus:
353 625 397 673 in
427 625 693 690 quibusdam
713 625 972 674 innocentes
1004 626 1182 686 sumus,
1214 628 1315 691 quia
1339 645 1435 676 non

140 697 350 745 succeffit.
367 698 471 745 Hoc
485 696 727 761 cogitantes
738 732 751 753 ,
767 695 999 761 aequiores
1017 696 1148 746 fimus
1167 698 1434 762 delinquen·-

138 770 278 828 tibus,
302 772 508 818 cedamus
532 768 896 834 obiurgantibus:
916 768 1067 834 utique
1094 769 1226 819 nobis
1255 788 1310 819 ne
1341 772 1432 820 ira-

135 842 335 900 scamur,
365 841 462 906 (cui
481 841 601 889 enim
621 857 714 888 non
731 876 748 900 ,
779 840 960 888 fi·nobis
981 857 1163 905 quoque
1176 841 1222 906 ?)
1248 842 1433 891 minime

135 916 233 963 diis.
259 916 367 963 Non
394 913 512 962 enim
542 912 723 960 illorum
742 949 756 972 ,
782 912 855 960 sed
883 912 978 977 lege
1008 913 1290 961 mortalitatis
1316 915 1432 979 pati-

134 1006 267 1048 mur,
284 986 502 1053 quidquid
528 986 812 1035 incommodi
836 986 1012 1035 accidit.
1038 988 1099 1035 At
1118 987 1265 1036 morbi
1292 989 1431 1037 dolo-

132 1079 291 1128 resque
317 1063 566 1111 incurrunt³>
593 1061 758 1125 Utique
775 1060 920 1125 aliqua
943 1060 1205 1126 fugiendum
1223 1061 1311 1123 est,
1342 1063 1431 1112 don

133 1135 355 1184 micilium
377 1138 505 1199 putre
525 1133 701 1182 sortitis.
720 1133 913 1182 Dicetur
928 1134 1083 1200 aliquis
1099 1135 1212 1184 male
1229 1136 1283 1185 de
1301 1150 1342 1184 te
1361 1138 1436 1185 lo*

132 1221 277 1258 cutus.
296 1209 445 1274 cogita
463 1226 518 1256 an
535 1208 660 1272 prior
685 1206 843 1257 feceris
856 1242 870 1267 ³
890 1208 1036 1273 cogita
1056 1208 1111 1258 de
1130 1227 1265 1274 quam
1284 1203 1440 1260 multis

131 1283 345 1348 loquaris.
365 1282 629 1347 Cogitemus
647 1316 660 1340 ‚
681 1280 890 1345 inquam,
911 1282 1021 1329 alios
1040 1298 1132 1331 non
1151 1281 1296 1332 facere
1314 1283 1435 1332 inin-2

131 1355 244 1403 riam
262 1393 277 1414 ‚
299 1355 372 1404 sed
391 1371 611 1419 reponere
625 1371 639 1402 τ,4
657 1353 765 1402 alios
785 1369 955 1418 pronos
974 1354 1116 1403 facere
1131 1391 1150 1416 2
1165 1356 1274 1404 alios
1295 1374 1432 1406 coac=n

132 1440 203 1478 tos
227 1428 403 1488 facere,
428 1428 536 1477 alios
561 1429 844 1494 ignorantes:
866 1429 999 1478 etiam
1031 1446 1109 1478 eos
1132 1431 1207 1494 qui
1227 1432 1435 1480 volentes,

59 1529 64 1533 ’
112 1503 405 1569 'scientesque
431 1502 626 1561 faciunt,
646 1520 702 1551 ex
728 1501 886 1550 iniuria
915 1503 1061 1550 nostra
1082 1520 1176 1551 non
1200 1503 1338 1568 ipsam
1356 1504 1432 1552 in-

131 1575 289 1624 iuriam
307 1578 574 1640 peteraAut
594 1576 822 1625 dulcedine
839 1575 1093 1625 urbanitatis
1111 1577 1337 1642 prolapsus
1352 1579 1447 1641 est,

132 1661 206 1697 aut
221 1648 335 1699 fecit
349 1649 516 1714 aliquid
529 1685 544 1706 2
562 1666 654 1697 non
671 1661 720 1698 ut
738 1649 871 1698 nobis
889 1650 1057 1699 obeffet
1072 1683 1085 1707 ,
1108 1651 1185 1698 sed..
1200 1652 1301 1715 quia
1313 1670 1430 1702 con·
1491 1661 1503 1668 “

132 1723 256 1788 sequi
275 1724 366 1788 ipse
383 1741 476 1771 non
495 1734 672 1788 poterat·
687 1757 700 1782 ,
717 1724 794 1772 nifi
811 1742 895 1773 nos
910 1718 1144 1790 repuliffet.
1168 1729 1306 1792 Saepe
1322 1729 1434 1776 adue·

131 1796 240 1845 latio
255 1832 281 1856 „
297 1797 403 1844 dum
426 1797 675 1857 blanditur,
703 1797 906 1847 offendit.
929 1799 1142 1864 Quisquis
1162 1800 1215 1847 ad
1243 1802 1285 1849 se
1307 1814 1435 1850 retu-2

132 1869 233 1919 lerit
249 1907 273 1928 „
284 1871 490 1935 quotiens
516 1870 606 1934 ipse
636 1873 685 1919 in
702 1871 998 1936 suspicionem
1022 1871 1171 1920 falsam
1194 1873 1398 1924 inciderit
1416 1910 1444 1935 9,

132 1959 266 2007 quam
290 1944 439 1993 multis
463 1944 620 1993 officiis
647 1945 733 1993 suis
750 1944 924 1993 fortuna
944 1944 1136 2010 speciem
1165 1946 1349 1995 iniuriae
1366 1947 1435 1996 in·-

132 2017 307 2078 duerit,
341 2034 475 2083 quam
512 2019 676 2067 multos
708 2018 808 2083 post
843 2019 998 2067 odium
1028 2035 1174 2068 amare
1203 2021 1403 2085 coeperit
1417 2054 1444 2080 9Χ

132 2092 299 2155 poterit
314 2108 406 2140 non
431 2091 574 2141 statim
598 2092 752 2142 irasci:
775 2093 928 2159 utique
944 2093 974 2140 fi
992 2093 1070 2141 fibi
1087 2094 1246 2142 tacitus
1280 2096 1332 2142 ad
1351 2094 1436 2143 fin-

135 2164 237 2228 gula
251 2165 413 2229 quibus
431 2165 691 2226 offenditur,
705 2167 864 2216 dixerit
881 2183 892 2215 z
910 2168 1032 2215 Haec
1048 2178 1092 2213 et
1108 2165 1200 2230 ipse
1216 2167 1440 2218 commisii..

132 2228 223 2285 Sed
239 2236 316 2285 ubi
342 2248 431 2284 tam
457 2253 649 2302 aequum
680 2238 872 2288 iudicem
894 2238 1128 2289 invenies?
1162 2241 1201 2286 Is
1225 2239 1304 2304 qui
1337 2242 1441 2289 nul-s

134 2311 218 2359 lius
239 2327 339 2360 non„
352 2328 542 2361 uxorem
563 2313 839 2378 concupiscit
857 2351 871 2370 ‚
904 2326 947 2363 et
967 2314 1066 2362 satis
1084 2311 1240 2361 iustam
1260 2314 1443 2362 causam.

134 2395 262 2449 putat
283 2385 484 2445 amandi,
514 2388 642 2452 quod
673 2387 814 2435 aliena
837 2387 926 2446 est,
956 2387 1075 2434 idem
1107 2403 1294 2435 uxorem
1315 2387 1445 2436 stiam

142 2458 278 2526 aspici
297 2473 390 2510 non
407 2460 503 2513 vult
516 2474 592 2511 :et
612 2460 717 2513 fidei
735 2462 973 2514 acerrimus
994 2461 1199 2577 exzssor,
1219 2460 1281 2511 est
1300 2460 1444 2527 perfiae

1144 2545 1170 2592 Ξ
