<?xml version="1.0" encoding="UTF-8"?>
<!DOCTYPE html PUBLIC "-//W3C//DTD XHTML 1.0 Transitional//EN"
    "http://www.w3.org/TR/xhtml1/DTD/xhtml1-transitional.dtd">
<html xmlns="http://www.w3.org/1999/xhtml" xml:lang="en" lang="en">
 <head>
  <title>
</title>
<meta http-equiv="Content-Type" content="text/html;charset=utf-8" />
  <meta name='ocr-system' content='tesseract 3.04.00' />
  <meta name='ocr-capabilities' content='ocr_page ocr_carea ocr_par ocr_line ocrx_word'/>
</head>
<body>
  <div class='ocr_page' id='page_1' title='image "./lannaeisenecaeph01seneuoft_0311.png"; bbox 0 0 1741 2919; ppageno 0'>
   <div class='ocr_carea' id='block_1_1' title="bbox 345 147 1425 213">
    <p class='ocr_par' dir='ltr' id='par_1_1' title="bbox 345 147 1425 213">
     <span class='ocr_line' id='line_1_1' title="bbox 345 147 1425 213; baseline -0.006 -12"><span class='ocrx_word' id='word_1_1' title='bbox 345 154 430 202; x_wconf 85' lang='lat' dir='ltr'><strong>DE</strong></span> <span class='ocrx_word' id='word_1_2' title='bbox 465 150 1010 213; x_wconf 83' lang='lat' dir='ltr'><strong>TRANQUILLITATE</strong></span> <span class='ocrx_word' id='word_1_3' title='bbox 1041 149 1231 197; x_wconf 80' lang='lat' dir='ltr'><strong>ANIMI.</strong></span> <span class='ocrx_word' id='word_1_4' title='bbox 1336 147 1425 212; x_wconf 75' lang='lat'><strong>265</strong></span> 
     </span>
    </p>
   </div>
   <div class='ocr_carea' id='block_1_2' title="bbox 91 253 1509 2518">
    <p class='ocr_par' dir='ltr' id='par_1_2' title="bbox 91 253 1451 2302">
     <span class='ocr_line' id='line_1_2' title="bbox 148 253 1431 324; baseline -0.005 -17"><span class='ocrx_word' id='word_1_5' title='bbox 148 259 350 308; x_wconf 88' lang='lat' dir='ltr'><strong>morieris</strong></span> <span class='ocrx_word' id='word_1_6' title='bbox 371 259 635 324; x_wconf 79' lang='lat' dir='ltr'><strong>expeditius,</strong></span> <span class='ocrx_word' id='word_1_7' title='bbox 662 258 739 322; x_wconf 89' lang='lat' dir='ltr'><strong>qui</strong></span> <span class='ocrx_word' id='word_1_8' title='bbox 758 257 924 305; x_wconf 83' lang='lat' dir='ltr'><strong>ferrum</strong></span> <span class='ocrx_word' id='word_1_9' title='bbox 947 273 1038 303; x_wconf 90' lang='lat' dir='ltr'><strong>non</strong></span> <span class='ocrx_word' id='word_1_10' title='bbox 1057 255 1261 302; x_wconf 58' lang='lat' dir='ltr'><strong>subducta</strong></span> <span class='ocrx_word' id='word_1_11' title='bbox 1284 253 1431 302; x_wconf 83' lang='lat' dir='ltr'><strong>cervi-</strong></span> 
     </span>
     <span class='ocr_line' id='line_1_3' title="bbox 146 326 1438 396; baseline -0.004 -15"><span class='ocrx_word' id='word_1_12' title='bbox 146 335 198 381; x_wconf 77' lang='lat' dir='ltr'><strong>ce</strong></span> <span class='ocrx_word' id='word_1_13' title='bbox 213 369 228 391; x_wconf 92' lang='lat'><strong>,</strong></span> <span class='ocrx_word' id='word_1_14' title='bbox 257 352 339 381; x_wconf 90' lang='lat' dir='ltr'><strong>nec</strong></span> <span class='ocrx_word' id='word_1_15' title='bbox 365 334 565 381; x_wconf 86' lang='lat' dir='ltr'><strong>manibus</strong></span> <span class='ocrx_word' id='word_1_16' title='bbox 585 333 822 396; x_wconf 76' lang='lat' dir='ltr'><strong>oppositis,</strong></span> <span class='ocrx_word' id='word_1_17' title='bbox 844 332 915 378; x_wconf 88' lang='lat' dir='ltr'><strong>sed</strong></span> <span class='ocrx_word' id='word_1_18' title='bbox 933 330 1126 377; x_wconf 78' lang='lat' dir='ltr'>animose</span> <span class='ocrx_word' id='word_1_19' title='bbox 1143 328 1314 392; x_wconf 84' lang='lat' dir='ltr'><strong>recipis.</strong></span> <span class='ocrx_word' id='word_1_20' title='bbox 1332 326 1438 388; x_wconf 71' lang='lat' dir='ltr'><strong>Qui·</strong></span> 
     </span>
     <span class='ocr_line' id='line_1_4' title="bbox 146 399 1433 470; baseline -0.003 -16"><span class='ocrx_word' id='word_1_21' title='bbox 146 420 338 465; x_wconf 81' lang='lat' dir='ltr'><strong>mortem</strong></span> <span class='ocrx_word' id='word_1_22' title='bbox 357 399 530 456; x_wconf 78' lang='lat' dir='ltr'><strong>timebit</strong></span> <span class='ocrx_word' id='word_1_23' title='bbox 546 444 561 466; x_wconf 92' lang='lat'><strong>,</strong></span> <span class='ocrx_word' id='word_1_24' title='bbox 588 408 695 454; x_wconf 85' lang='lat' dir='ltr'><strong>nihil</strong></span> <span class='ocrx_word' id='word_1_25' title='bbox 713 423 906 470; x_wconf 84' lang='lat' dir='ltr'><strong>unquam</strong></span> <span class='ocrx_word' id='word_1_26' title='bbox 927 421 1012 469; x_wconf 90' lang='lat' dir='ltr'><strong>pro</strong></span> <span class='ocrx_word' id='word_1_27' title='bbox 1032 405 1213 452; x_wconf 79' lang='lat' dir='ltr'><strong>homine</strong></span> <span class='ocrx_word' id='word_1_28' title='bbox 1231 404 1342 453; x_wconf 84' lang='lat' dir='ltr'><strong>vivo</strong></span> <span class='ocrx_word' id='word_1_29' title='bbox 1361 403 1433 455; x_wconf 68' lang='lat' dir='ltr'><strong>fa·-⁴</strong></span> 
     </span>
     <span class='ocr_line' id='line_1_5' title="bbox 147 472 1432 544; baseline -0.003 -16"><span class='ocrx_word' id='word_1_30' title='bbox 147 472 247 528; x_wconf 74' lang='lat' dir='ltr'><strong>ciet.</strong></span> <span class='ocrx_word' id='word_1_31' title='bbox 267 493 312 527; x_wconf 90' lang='lat' dir='ltr'><strong>at</strong></span> <span class='ocrx_word' id='word_1_32' title='bbox 340 481 417 544; x_wconf 91' lang='lat' dir='ltr'><strong>qui</strong></span> <span class='ocrx_word' id='word_1_33' title='bbox 446 480 550 536; x_wconf 88' lang='lat' dir='ltr'><strong>scit,</strong></span> <span class='ocrx_word' id='word_1_34' title='bbox 581 481 669 528; x_wconf 89' lang='lat' dir='ltr'><strong>hoc</strong></span> <span class='ocrx_word' id='word_1_35' title='bbox 698 479 774 525; x_wconf 77' lang='lat' dir='ltr'><strong>fibi</strong></span> <span class='ocrx_word' id='word_1_36' title='bbox 795 495 895 526; x_wconf 89' lang='lat' dir='ltr'><strong>cum</strong></span> <span class='ocrx_word' id='word_1_37' title='bbox 926 477 1262 540; x_wconf 78' lang='lat' dir='ltr'><strong>conciperetur,</strong></span> <span class='ocrx_word' id='word_1_38' title='bbox 1289 476 1432 524; x_wconf 83' lang='lat' dir='ltr'><strong>statim</strong></span> 
     </span>
     <span class='ocr_line' id='line_1_6' title="bbox 146 550 1430 613; baseline -0.003 -13"><span class='ocrx_word' id='word_1_39' title='bbox 146 554 398 600; x_wconf 63' lang='lat' dir='ltr'><strong>condictum</strong></span> <span class='ocrx_word' id='word_1_40' title='bbox 415 589 429 612; x_wconf 86' lang='lat'>‚</span> <span class='ocrx_word' id='word_1_41' title='bbox 453 555 578 602; x_wconf 89' lang='lat' dir='ltr'><strong>vivet</strong></span> <span class='ocrx_word' id='word_1_42' title='bbox 603 554 658 599; x_wconf 84' lang='lat' dir='ltr'><strong>ad</strong></span> <span class='ocrx_word' id='word_1_43' title='bbox 682 552 946 599; x_wconf 84' lang='lat' dir='ltr'><strong>formulam:</strong></span> <span class='ocrx_word' id='word_1_44' title='bbox 972 564 1014 598; x_wconf 83' lang='lat' dir='ltr'><strong>et</strong></span> <span class='ocrx_word' id='word_1_45' title='bbox 1032 550 1156 596; x_wconf 74' lang='lat' dir='ltr'><strong>simul</strong></span> <span class='ocrx_word' id='word_1_46' title='bbox 1184 550 1290 596; x_wconf 86' lang='lat' dir='ltr'><strong>illud</strong></span> <span class='ocrx_word' id='word_1_47' title='bbox 1311 566 1430 613; x_wconf 85' lang='lat' dir='ltr'><strong>quo-</strong></span> 
     </span>
     <span class='ocr_line' id='line_1_7' title="bbox 146 624 1430 687; baseline 0 -17"><span class='ocrx_word' id='word_1_48' title='bbox 146 641 234 687; x_wconf 88' lang='lat' dir='ltr'><strong>que</strong></span> <span class='ocrx_word' id='word_1_49' title='bbox 261 626 419 672; x_wconf 86' lang='lat' dir='ltr'><strong>eodem</strong></span> <span class='ocrx_word' id='word_1_50' title='bbox 444 625 576 672; x_wconf 88' lang='lat' dir='ltr'><strong>animi</strong></span> <span class='ocrx_word' id='word_1_51' title='bbox 597 626 762 672; x_wconf 85' lang='lat' dir='ltr'>robore</span> <span class='ocrx_word' id='word_1_52' title='bbox 781 624 1010 687; x_wconf 84' lang='lat' dir='ltr'><strong>praestabit</strong></span> <span class='ocrx_word' id='word_1_53' title='bbox 1026 656 1040 680; x_wconf 77' lang='lat'>‚</span> <span class='ocrx_word' id='word_1_54' title='bbox 1074 641 1127 670; x_wconf 87' lang='lat' dir='ltr'><strong>ne</strong></span> <span class='ocrx_word' id='word_1_55' title='bbox 1148 624 1255 686; x_wconf 84' lang='lat' dir='ltr'><strong>quid</strong></span> <span class='ocrx_word' id='word_1_56' title='bbox 1282 641 1335 669; x_wconf 84' lang='lat' dir='ltr'><strong>ex</strong></span> <span class='ocrx_word' id='word_1_57' title='bbox 1362 624 1430 671; x_wconf 81' lang='lat' dir='ltr'><strong>his</strong></span> 
     </span>
     <span class='ocr_line' id='line_1_8' title="bbox 147 694 1432 761; baseline 0 -19"><span class='ocrx_word' id='word_1_58' title='bbox 147 713 261 760; x_wconf 85' lang='lat' dir='ltr'><strong>quae</strong></span> <span class='ocrx_word' id='word_1_59' title='bbox 281 699 520 757; x_wconf 88' lang='lat' dir='ltr'><strong>eveniunt,</strong></span> <span class='ocrx_word' id='word_1_60' title='bbox 538 697 726 746; x_wconf 77' lang='lat' dir='ltr'><strong>subitum</strong></span> <span class='ocrx_word' id='word_1_61' title='bbox 754 698 816 744; x_wconf 78' lang='lat' dir='ltr'><strong>fit.</strong></span> <span class='ocrx_word' id='word_1_62' title='bbox 838 697 1071 761; x_wconf 81' lang='lat' dir='ltr'><strong>Quidquid</strong></span> <span class='ocrx_word' id='word_1_63' title='bbox 1095 697 1211 742; x_wconf 85' lang='lat' dir='ltr'><strong>enim</strong></span> <span class='ocrx_word' id='word_1_64' title='bbox 1230 694 1327 742; x_wconf 83' lang='lat' dir='ltr'><strong>fieri</strong></span> <span class='ocrx_word' id='word_1_65' title='bbox 1347 713 1432 758; x_wconf 89' lang='lat' dir='ltr'><strong>po-</strong></span> 
     </span>
     <span class='ocr_line' id='line_1_9' title="bbox 146 769 1433 834; baseline 0 -20"><span class='ocrx_word' id='word_1_66' title='bbox 146 769 227 814; x_wconf 90' lang='lat' dir='ltr'><strong>test</strong></span> <span class='ocrx_word' id='word_1_67' title='bbox 241 805 256 826; x_wconf 92' lang='lat'>‚</span> <span class='ocrx_word' id='word_1_68' title='bbox 273 770 390 833; x_wconf 86' lang='lat' dir='ltr'><strong>quafi</strong></span> <span class='ocrx_word' id='word_1_69' title='bbox 413 769 605 826; x_wconf 78' lang='lat' dir='ltr'><strong>futurum</strong></span> <span class='ocrx_word' id='word_1_70' title='bbox 628 771 939 834; x_wconf 79' lang='lat' dir='ltr'><strong>prospiciendo</strong></span> <span class='ocrx_word' id='word_1_71' title='bbox 953 803 968 826; x_wconf 92' lang='lat'><strong>,</strong></span> <span class='ocrx_word' id='word_1_72' title='bbox 989 771 1207 817; x_wconf 87' lang='lat' dir='ltr'><strong>malorum</strong></span> <span class='ocrx_word' id='word_1_73' title='bbox 1228 769 1433 815; x_wconf 86' lang='lat' dir='ltr'><strong>omnium</strong></span> 
     </span>
     <span class='ocr_line' id='line_1_10' title="bbox 147 841 1436 909; baseline 0.001 -21"><span class='ocrx_word' id='word_1_74' title='bbox 147 841 337 906; x_wconf 84' lang='lat' dir='ltr'><strong>impetus</strong></span> <span class='ocrx_word' id='word_1_75' title='bbox 362 845 544 893; x_wconf 88' lang='lat' dir='ltr'><strong>molliet.</strong></span> <span class='ocrx_word' id='word_1_76' title='bbox 570 846 648 909; x_wconf 88' lang='lat' dir='ltr'><strong>qui</strong></span> <span class='ocrx_word' id='word_1_77' title='bbox 670 845 724 892; x_wconf 87' lang='lat' dir='ltr'><strong>ad</strong></span> <span class='ocrx_word' id='word_1_78' title='bbox 745 857 1025 909; x_wconf 85' lang='lat' dir='ltr'><strong>praeparatos</strong></span> <span class='ocrx_word' id='word_1_79' title='bbox 1052 844 1436 906; x_wconf 56' lang='lat' dir='ltr'><strong>exspectantesque</strong></span> 
     </span>
     <span class='ocr_line' id='line_1_11' title="bbox 148 915 1435 979; baseline 0 -17"><span class='ocrx_word' id='word_1_80' title='bbox 148 915 255 962; x_wconf 86' lang='lat' dir='ltr'><strong>nihil</strong></span> <span class='ocrx_word' id='word_1_81' title='bbox 271 916 458 964; x_wconf 81' lang='lat' dir='ltr'><strong>afferunt</strong></span> <span class='ocrx_word' id='word_1_82' title='bbox 476 918 589 965; x_wconf 87' lang='lat' dir='ltr'><strong>novi</strong></span> <span class='ocrx_word' id='word_1_83' title='bbox 607 953 621 974; x_wconf 95' lang='lat'><strong>,</strong></span> <span class='ocrx_word' id='word_1_84' title='bbox 641 917 799 965; x_wconf 87' lang='lat' dir='ltr'><strong>securis</strong></span> <span class='ocrx_word' id='word_1_85' title='bbox 814 954 826 974; x_wconf 95' lang='lat'>‚</span> <span class='ocrx_word' id='word_1_86' title='bbox 851 934 895 966; x_wconf 90' lang='lat' dir='ltr'><strong>et</strong></span> <span class='ocrx_word' id='word_1_87' title='bbox 913 919 1036 965; x_wconf 87' lang='lat' dir='ltr'><strong>beata</strong></span> <span class='ocrx_word' id='word_1_88' title='bbox 1055 929 1221 963; x_wconf 82' lang='lat' dir='ltr'><strong>tantum</strong></span> <span class='ocrx_word' id='word_1_89' title='bbox 1240 916 1435 979; x_wconf 61' lang='lat' dir='ltr'><strong>spectan-</strong></span> 
     </span>
     <span class='ocr_line' id='line_1_12' title="bbox 149 987 1436 1052; baseline -0.001 -17"><span class='ocrx_word' id='word_1_90' title='bbox 149 987 292 1046; x_wconf 83' lang='lat' dir='ltr'><strong>tibus,</strong></span> <span class='ocrx_word' id='word_1_91' title='bbox 320 1005 477 1052; x_wconf 77' lang='lat' dir='ltr'><strong>graves</strong></span> <span class='ocrx_word' id='word_1_92' title='bbox 513 989 736 1036; x_wconf 88' lang='lat' dir='ltr'><strong>eveniunt.</strong></span> <span class='ocrx_word' id='word_1_93' title='bbox 770 990 957 1047; x_wconf 79' lang='lat' dir='ltr'><strong>Morbus</strong></span> <span class='ocrx_word' id='word_1_94' title='bbox 991 989 1107 1035; x_wconf 86' lang='lat' dir='ltr'><strong>enim</strong></span> <span class='ocrx_word' id='word_1_95' title='bbox 1126 1025 1140 1046; x_wconf 88' lang='lat'><strong>,</strong></span> <span class='ocrx_word' id='word_1_96' title='bbox 1172 987 1436 1051; x_wconf 80' lang='lat' dir='ltr'><strong>captivitas,</strong></span> 
     </span>
     <span class='ocr_line' id='line_1_13' title="bbox 147 1060 1435 1125; baseline 0.001 -19"><span class='ocrx_word' id='word_1_97' title='bbox 147 1060 274 1107; x_wconf 79' lang='lat' dir='ltr'><strong>ruina</strong></span> <span class='ocrx_word' id='word_1_98' title='bbox 291 1096 305 1119; x_wconf 92' lang='lat'><strong>,</strong></span> <span class='ocrx_word' id='word_1_99' title='bbox 330 1061 442 1125; x_wconf 87' lang='lat' dir='ltr'><strong>ignis</strong></span> <span class='ocrx_word' id='word_1_100' title='bbox 459 1098 473 1119; x_wconf 90' lang='lat'><strong>,</strong></span> <span class='ocrx_word' id='word_1_101' title='bbox 498 1062 605 1108; x_wconf 86' lang='lat' dir='ltr'><strong>nihil</strong></span> <span class='ocrx_word' id='word_1_102' title='bbox 631 1063 790 1109; x_wconf 86' lang='lat' dir='ltr'><strong>horum</strong></span> <span class='ocrx_word' id='word_1_103' title='bbox 826 1062 1102 1125; x_wconf 87' lang='lat' dir='ltr'><strong>repentinum</strong></span> <span class='ocrx_word' id='word_1_104' title='bbox 1132 1061 1206 1108; x_wconf 89' lang='lat' dir='ltr'><strong>est.</strong></span> <span class='ocrx_word' id='word_1_105' title='bbox 1238 1061 1435 1108; x_wconf 78' lang='lat' dir='ltr'><strong>Sciebam</strong></span> 
     </span>
     <span class='ocr_line' id='line_1_14' title="bbox 148 1132 1436 1196; baseline 0.001 -18"><span class='ocrx_word' id='word_1_106' title='bbox 148 1132 194 1178; x_wconf 88' lang='lat' dir='ltr'><strong>in</strong></span> <span class='ocrx_word' id='word_1_107' title='bbox 214 1150 345 1196; x_wconf 85' lang='lat' dir='ltr'><strong>quam</strong></span> <span class='ocrx_word' id='word_1_108' title='bbox 370 1134 690 1181; x_wconf 88' lang='lat' dir='ltr'><strong>tumultuosum</strong></span> <span class='ocrx_word' id='word_1_109' title='bbox 718 1151 789 1182; x_wconf 90' lang='lat' dir='ltr'><strong>me</strong></span> <span class='ocrx_word' id='word_1_110' title='bbox 811 1135 1149 1182; x_wconf 84' lang='lat' dir='ltr'><strong>contubernium</strong></span> <span class='ocrx_word' id='word_1_111' title='bbox 1176 1145 1326 1180; x_wconf 81' lang='lat' dir='ltr'><strong>natura</strong></span> <span class='ocrx_word' id='word_1_112' title='bbox 1345 1133 1436 1180; x_wconf 89' lang='lat' dir='ltr'><strong>clu·-</strong></span> 
     </span>
     <span class='ocr_line' id='line_1_15' title="bbox 148 1205 1434 1264; baseline 0 -12"><span class='ocrx_word' id='word_1_113' title='bbox 148 1205 274 1253; x_wconf 84' lang='lat' dir='ltr'><strong>fiffet.</strong></span> <span class='ocrx_word' id='word_1_114' title='bbox 298 1207 461 1254; x_wconf 89' lang='lat' dir='ltr'><strong>totiens</strong></span> <span class='ocrx_word' id='word_1_115' title='bbox 493 1208 540 1253; x_wconf 91' lang='lat' dir='ltr'><strong>in</strong></span> <span class='ocrx_word' id='word_1_116' title='bbox 572 1207 738 1254; x_wconf 87' lang='lat' dir='ltr'><strong>vicinia</strong></span> <span class='ocrx_word' id='word_1_117' title='bbox 771 1223 870 1253; x_wconf 87' lang='lat' dir='ltr'><strong>mea</strong></span> <span class='ocrx_word' id='word_1_118' title='bbox 899 1207 1221 1254; x_wconf 78' lang='lat' dir='ltr'><strong>conclamatum</strong></span> <span class='ocrx_word' id='word_1_119' title='bbox 1245 1206 1333 1264; x_wconf 88' lang='lat' dir='ltr'><strong>est,</strong></span> <span class='ocrx_word' id='word_1_120' title='bbox 1360 1217 1434 1253; x_wconf 86' lang='lat' dir='ltr'><strong>to-</strong></span> 
     </span>
     <span class='ocr_line' id='line_1_16' title="bbox 149 1279 1436 1343; baseline -0.001 -17"><span class='ocrx_word' id='word_1_121' title='bbox 149 1279 260 1326; x_wconf 84' lang='lat' dir='ltr'><strong>tiens</strong></span> <span class='ocrx_word' id='word_1_122' title='bbox 286 1295 458 1342; x_wconf 87' lang='lat' dir='ltr'><strong>praeter</strong></span> <span class='ocrx_word' id='word_1_123' title='bbox 484 1279 619 1326; x_wconf 88' lang='lat' dir='ltr'><strong>limen</strong></span> <span class='ocrx_word' id='word_1_124' title='bbox 646 1279 900 1327; x_wconf 83' lang='lat' dir='ltr'><strong>immaturas</strong></span> <span class='ocrx_word' id='word_1_125' title='bbox 928 1279 1152 1343; x_wconf 74' lang='lat' dir='ltr'><strong>exsequias</strong></span> <span class='ocrx_word' id='word_1_126' title='bbox 1169 1279 1241 1325; x_wconf 86' lang='lat' dir='ltr'><strong>fax</strong></span> <span class='ocrx_word' id='word_1_127' title='bbox 1261 1295 1436 1326; x_wconf 86' lang='lat' dir='ltr'><strong>cereus·-</strong></span> 
     </span>
     <span class='ocr_line' id='line_1_17' title="bbox 148 1346 1437 1416; baseline 0 -17"><span class='ocrx_word' id='word_1_128' title='bbox 148 1369 235 1412; x_wconf 82' lang='lat' dir='ltr'><strong>que</strong></span> <span class='ocrx_word' id='word_1_129' title='bbox 266 1346 489 1415; x_wconf 83' lang='lat' dir='ltr'><strong>praeceffit</strong></span> <span class='ocrx_word' id='word_1_130' title='bbox 518 1372 529 1400; x_wconf 90' lang='lat'>:</span> <span class='ocrx_word' id='word_1_131' title='bbox 556 1353 681 1416; x_wconf 81' lang='lat' dir='ltr'><strong>saepe</strong></span> <span class='ocrx_word' id='word_1_132' title='bbox 711 1354 834 1400; x_wconf 85' lang='lat' dir='ltr'><strong>altius</strong></span> <span class='ocrx_word' id='word_1_133' title='bbox 865 1354 1030 1400; x_wconf 88' lang='lat' dir='ltr'><strong>ruentis</strong></span> <span class='ocrx_word' id='word_1_134' title='bbox 1061 1352 1250 1400; x_wconf 83' lang='lat' dir='ltr'><strong>aedificii</strong></span> <span class='ocrx_word' id='word_1_135' title='bbox 1285 1352 1437 1416; x_wconf 77' lang='lat' dir='ltr'><strong>fragor</strong></span> 
     </span>
     <span class='ocr_line' id='line_1_18' title="bbox 150 1425 1437 1487; baseline -0.002 -14"><span class='ocrx_word' id='word_1_136' title='bbox 150 1426 297 1473; x_wconf 89' lang='lat' dir='ltr'><strong>sonuit</strong></span> <span class='ocrx_word' id='word_1_137' title='bbox 321 1443 332 1470; x_wconf 73' lang='grc' dir='ltr'><em>τ</em></span> <span class='ocrx_word' id='word_1_138' title='bbox 362 1426 528 1474; x_wconf 85' lang='lat' dir='ltr'><strong>multos</strong></span> <span class='ocrx_word' id='word_1_139' title='bbox 558 1443 612 1472; x_wconf 87' lang='lat' dir='ltr'><strong>ex</strong></span> <span class='ocrx_word' id='word_1_140' title='bbox 646 1427 711 1473; x_wconf 89' lang='lat' dir='ltr'><strong>his</strong></span> <span class='ocrx_word' id='word_1_141' title='bbox 741 1442 854 1487; x_wconf 81' lang='lat' dir='ltr'><strong>quos</strong></span> <span class='ocrx_word' id='word_1_142' title='bbox 885 1425 1058 1485; x_wconf 89' lang='lat' dir='ltr'><strong>forum,</strong></span> <span class='ocrx_word' id='word_1_143' title='bbox 1086 1426 1227 1480; x_wconf 87' lang='lat' dir='ltr'><strong>curia,</strong></span> <span class='ocrx_word' id='word_1_144' title='bbox 1257 1425 1402 1472; x_wconf 87' lang='lat' dir='ltr'><strong>sermo</strong></span> <span class='ocrx_word' id='word_1_145' title='bbox 1420 1461 1437 1485; x_wconf 82' lang='lat'>‚</span> 
     </span>
     <span class='ocr_line' id='line_1_19' title="bbox 150 1497 1451 1557; baseline -0.002 -11"><span class='ocrx_word' id='word_1_146' title='bbox 150 1516 325 1546; x_wconf 89' lang='lat' dir='ltr'><strong>mecum</strong></span> <span class='ocrx_word' id='word_1_147' title='bbox 357 1511 662 1557; x_wconf 66' lang='lat' dir='ltr'><strong>contraxerat,</strong></span> <span class='ocrx_word' id='word_1_148' title='bbox 687 1515 777 1545; x_wconf 84' lang='lat' dir='ltr'><strong>nox</strong></span> <span class='ocrx_word' id='word_1_149' title='bbox 798 1499 998 1556; x_wconf 78' lang='lat' dir='ltr'><strong>abstulit,</strong></span> <span class='ocrx_word' id='word_1_150' title='bbox 1026 1512 1069 1546; x_wconf 89' lang='lat' dir='ltr'><strong>et</strong></span> <span class='ocrx_word' id='word_1_151' title='bbox 1091 1500 1258 1545; x_wconf 60' lang='lat' dir='ltr'><strong>vinctas</strong></span> <span class='ocrx_word' id='word_1_152' title='bbox 1279 1499 1333 1545; x_wconf 90' lang='lat' dir='ltr'><strong>ad</strong></span> <span class='ocrx_word' id='word_1_153' title='bbox 1360 1497 1451 1544; x_wconf 68' lang='lat' dir='ltr'><strong>so·-⁴</strong></span> 
     </span>
     <span class='ocr_line' id='line_1_20' title="bbox 91 1572 1438 1637; baseline 0 -17"><span class='ocrx_word' id='word_1_154' title='bbox 91 1629 95 1631; x_wconf 23' lang='lat'><strong>¹</strong></span> <span class='ocrx_word' id='word_1_155' title='bbox 150 1573 345 1621; x_wconf 87' lang='lat' dir='ltr'><strong>dalitium</strong></span> <span class='ocrx_word' id='word_1_156' title='bbox 365 1591 520 1621; x_wconf 88' lang='lat' dir='ltr'><strong>manus</strong></span> <span class='ocrx_word' id='word_1_157' title='bbox 538 1574 763 1637; x_wconf 82' lang='lat' dir='ltr'><strong>copulatas</strong></span> <span class='ocrx_word' id='word_1_158' title='bbox 780 1574 1016 1621; x_wconf 83' lang='lat' dir='ltr'><strong>intercidit.</strong></span> <span class='ocrx_word' id='word_1_159' title='bbox 1040 1574 1181 1620; x_wconf 86' lang='lat' dir='ltr'><strong>Mirer</strong></span> <span class='ocrx_word' id='word_1_160' title='bbox 1201 1572 1438 1636; x_wconf 87' lang='lat' dir='ltr'><strong>aliquando</strong></span> 
     </span>
     <span class='ocr_line' id='line_1_21' title="bbox 150 1648 1438 1712; baseline -0.002 -17"><span class='ocrx_word' id='word_1_161' title='bbox 150 1649 206 1695; x_wconf 87' lang='lat' dir='ltr'><strong>ad</strong></span> <span class='ocrx_word' id='word_1_162' title='bbox 227 1665 297 1694; x_wconf 91' lang='lat' dir='ltr'><strong>me</strong></span> <span class='ocrx_word' id='word_1_163' title='bbox 316 1649 508 1711; x_wconf 86' lang='lat' dir='ltr'><strong>pericula</strong></span> <span class='ocrx_word' id='word_1_164' title='bbox 527 1649 766 1707; x_wconf 84' lang='lat' dir='ltr'><strong>acceffiffe,</strong></span> <span class='ocrx_word' id='word_1_165' title='bbox 800 1666 911 1712; x_wconf 81' lang='lat' dir='ltr'><strong>quae</strong></span> <span class='ocrx_word' id='word_1_166' title='bbox 933 1650 1050 1696; x_wconf 88' lang='lat' dir='ltr'><strong>circa</strong></span> <span class='ocrx_word' id='word_1_167' title='bbox 1082 1665 1153 1695; x_wconf 91' lang='lat' dir='ltr'><strong>me</strong></span> <span class='ocrx_word' id='word_1_168' title='bbox 1173 1648 1344 1711; x_wconf 89' lang='lat' dir='ltr'><strong>semper</strong></span> <span class='ocrx_word' id='word_1_169' title='bbox 1364 1664 1438 1694; x_wconf 89' lang='lat' dir='ltr'><strong>er-</strong></span> 
     </span>
     <span class='ocr_line' id='line_1_22' title="bbox 151 1720 1436 1785; baseline -0.002 -17"><span class='ocrx_word' id='word_1_170' title='bbox 151 1727 387 1775; x_wconf 85' lang='lat' dir='ltr'><strong>raverunt?</strong></span> <span class='ocrx_word' id='word_1_171' title='bbox 411 1724 570 1785; x_wconf 85' lang='lat' dir='ltr'><strong>Magna</strong></span> <span class='ocrx_word' id='word_1_172' title='bbox 592 1739 689 1785; x_wconf 86' lang='lat' dir='ltr'><strong>pars</strong></span> <span class='ocrx_word' id='word_1_173' title='bbox 708 1723 941 1768; x_wconf 85' lang='lat' dir='ltr'><strong>hominum</strong></span> <span class='ocrx_word' id='word_1_174' title='bbox 964 1721 1050 1779; x_wconf 89' lang='lat' dir='ltr'><strong>est,</strong></span> <span class='ocrx_word' id='word_1_175' title='bbox 1073 1737 1184 1785; x_wconf 87' lang='lat' dir='ltr'><strong>quae</strong></span> <span class='ocrx_word' id='word_1_176' title='bbox 1201 1720 1436 1784; x_wconf 82' lang='lat' dir='ltr'><strong>navigatu-</strong></span> 
     </span>
     <span class='ocr_line' id='line_1_23' title="bbox 150 1791 1438 1857; baseline -0.002 -17"><span class='ocrx_word' id='word_1_177' title='bbox 150 1810 224 1849; x_wconf 86' lang='lat' dir='ltr'><strong>ra,</strong></span> <span class='ocrx_word' id='word_1_178' title='bbox 249 1795 311 1839; x_wconf 47' lang='lat' dir='ltr'><strong>de:</strong></span> <span class='ocrx_word' id='word_1_179' title='bbox 321 1794 573 1856; x_wconf 86' lang='lat' dir='ltr'><strong>tempestate</strong></span> <span class='ocrx_word' id='word_1_180' title='bbox 597 1811 689 1840; x_wconf 86' lang='lat' dir='ltr'><strong>non</strong></span> <span class='ocrx_word' id='word_1_181' title='bbox 711 1793 888 1857; x_wconf 78' lang='lat' dir='ltr'><strong>cogitat.</strong></span> <span class='ocrx_word' id='word_1_182' title='bbox 909 1794 1145 1856; x_wconf 85' lang='lat' dir='ltr'><strong>Nunquam</strong></span> <span class='ocrx_word' id='word_1_183' title='bbox 1166 1809 1237 1840; x_wconf 87' lang='lat' dir='ltr'><strong>me</strong></span> <span class='ocrx_word' id='word_1_184' title='bbox 1254 1791 1299 1837; x_wconf 87' lang='lat' dir='ltr'><strong>in</strong></span> <span class='ocrx_word' id='word_1_185' title='bbox 1319 1792 1438 1838; x_wconf 81' lang='lat' dir='ltr'><strong>bona</strong></span> 
     </span>
     <span class='ocr_line' id='line_1_24' title="bbox 150 1864 1436 1930; baseline -0.002 -18"><span class='ocrx_word' id='word_1_186' title='bbox 150 1882 198 1913; x_wconf 90' lang='lat' dir='ltr'><strong>re</strong></span> <span class='ocrx_word' id='word_1_187' title='bbox 232 1867 334 1912; x_wconf 88' lang='lat' dir='ltr'><strong>mali</strong></span> <span class='ocrx_word' id='word_1_188' title='bbox 361 1868 543 1930; x_wconf 84' lang='lat' dir='ltr'><strong>pudebit</strong></span> <span class='ocrx_word' id='word_1_189' title='bbox 570 1868 771 1915; x_wconf 60' lang='lat' dir='ltr'><strong>auctoris.</strong></span> <span class='ocrx_word' id='word_1_190' title='bbox 803 1867 977 1914; x_wconf 82' lang='lat' dir='ltr'><strong>Publius</strong></span> <span class='ocrx_word' id='word_1_191' title='bbox 1008 1865 1183 1930; x_wconf 82' lang='lat' dir='ltr'><strong>tragicis</strong></span> <span class='ocrx_word' id='word_1_192' title='bbox 1221 1864 1436 1911; x_wconf 87' lang='lat' dir='ltr'><strong>comicis-</strong></span> 
     </span>
     <span class='ocr_line' id='line_1_25' title="bbox 149 1937 1437 2005; baseline -0.002 -19"><span class='ocrx_word' id='word_1_193' title='bbox 149 1957 238 2004; x_wconf 89' lang='lat' dir='ltr'><strong>que</strong></span> <span class='ocrx_word' id='word_1_194' title='bbox 260 1940 569 1989; x_wconf 89' lang='lat' dir='ltr'><strong>vehementior</strong></span> <span class='ocrx_word' id='word_1_195' title='bbox 601 1940 783 2005; x_wconf 82' lang='lat' dir='ltr'><strong>ingeniis</strong></span> <span class='ocrx_word' id='word_1_196' title='bbox 802 1973 816 1997; x_wconf 95' lang='lat'>‚</span> <span class='ocrx_word' id='word_1_197' title='bbox 849 1940 1054 2004; x_wconf 88' lang='lat' dir='ltr'><strong>quotiens</strong></span> <span class='ocrx_word' id='word_1_198' title='bbox 1089 1938 1288 1985; x_wconf 84' lang='lat' dir='ltr'><strong>mimicas</strong></span> <span class='ocrx_word' id='word_1_199' title='bbox 1311 1937 1437 2000; x_wconf 89' lang='lat' dir='ltr'><strong>inep-</strong></span> 
     </span>
     <span class='ocr_line' id='line_1_26' title="bbox 150 2008 1437 2074; baseline -0.004 -13"><span class='ocrx_word' id='word_1_200' title='bbox 150 2014 262 2069; x_wconf 87' lang='lat' dir='ltr'><strong>tias,</strong></span> <span class='ocrx_word' id='word_1_201' title='bbox 293 2028 337 2061; x_wconf 90' lang='lat' dir='ltr'><strong>et</strong></span> <span class='ocrx_word' id='word_1_202' title='bbox 366 2014 502 2062; x_wconf 87' lang='lat' dir='ltr'><strong>verba</strong></span> <span class='ocrx_word' id='word_1_203' title='bbox 527 2015 582 2060; x_wconf 83' lang='lat' dir='ltr'><strong>ad</strong></span> <span class='ocrx_word' id='word_1_204' title='bbox 616 2015 827 2061; x_wconf 87' lang='lat' dir='ltr'><strong>summam</strong></span> <span class='ocrx_word' id='word_1_205' title='bbox 858 2027 1039 2060; x_wconf 88' lang='lat' dir='ltr'><strong>caveam</strong></span> <span class='ocrx_word' id='word_1_206' title='bbox 1070 2010 1304 2074; x_wconf 61' lang='lat' dir='ltr'><strong>spectantia</strong></span> <span class='ocrx_word' id='word_1_207' title='bbox 1331 2008 1437 2057; x_wconf 91' lang='lat' dir='ltr'><strong>reli-</strong></span> 
     </span>
     <span class='ocr_line' id='line_1_27' title="bbox 151 2082 1433 2149; baseline -0.004 -14"><span class='ocrx_word' id='word_1_208' title='bbox 151 2089 273 2149; x_wconf 88' lang='lat' dir='ltr'><strong>quit,</strong></span> <span class='ocrx_word' id='word_1_209' title='bbox 292 2089 407 2136; x_wconf 86' lang='lat' dir='ltr'><strong>inter</strong></span> <span class='ocrx_word' id='word_1_210' title='bbox 425 2089 559 2135; x_wconf 84' lang='lat' dir='ltr'><strong>multa</strong></span> <span class='ocrx_word' id='word_1_211' title='bbox 578 2089 660 2135; x_wconf 87' lang='lat' dir='ltr'><strong>alia</strong></span> <span class='ocrx_word' id='word_1_212' title='bbox 681 2088 903 2136; x_wconf 89' lang='lat' dir='ltr'><strong>cothurno</strong></span> <span class='ocrx_word' id='word_1_213' title='bbox 918 2123 931 2146; x_wconf 93' lang='lat'><strong>,</strong></span> <span class='ocrx_word' id='word_1_214' title='bbox 951 2102 1044 2132; x_wconf 90' lang='lat' dir='ltr'><strong>non</strong></span> <span class='ocrx_word' id='word_1_215' title='bbox 1063 2096 1231 2132; x_wconf 88' lang='lat' dir='ltr'><strong>tantum</strong></span> <span class='ocrx_word' id='word_1_216' title='bbox 1250 2082 1433 2148; x_wconf 88' lang='lat' dir='ltr'><strong>fipari0‚</strong></span> 
     </span>
     <span class='ocr_line' id='line_1_28' title="bbox 151 2159 658 2219; baseline -0.002 -12"><span class='ocrx_word' id='word_1_217' title='bbox 151 2159 339 2208; x_wconf 86' lang='lat' dir='ltr'><strong>fortiora</strong></span> <span class='ocrx_word' id='word_1_218' title='bbox 353 2197 367 2219; x_wconf 95' lang='lat'><strong>,</strong></span> <span class='ocrx_word' id='word_1_219' title='bbox 393 2175 437 2209; x_wconf 90' lang='lat' dir='ltr'><strong>et</strong></span> <span class='ocrx_word' id='word_1_220' title='bbox 460 2163 548 2208; x_wconf 91' lang='lat' dir='ltr'><strong>hoc</strong></span> <span class='ocrx_word' id='word_1_221' title='bbox 569 2162 658 2207; x_wconf 85' lang='lat' dir='ltr'><strong>ait:</strong></span> 
     </span>
     <span class='ocr_line' id='line_1_29' title="bbox 289 2231 1303 2302; baseline -0.002 -22"><span class='ocrx_word' id='word_1_222' title='bbox 289 2238 435 2282; x_wconf 81' lang='lat' dir='ltr'><strong>Cuivis</strong></span> <span class='ocrx_word' id='word_1_223' title='bbox 450 2237 578 2302; x_wconf 68' lang='lat' dir='ltr'><strong>potest</strong></span> <span class='ocrx_word' id='word_1_224' title='bbox 593 2237 770 2280; x_wconf 85' lang='lat' dir='ltr'><strong>accidere</strong></span> <span class='ocrx_word' id='word_1_225' title='bbox 783 2269 796 2290; x_wconf 90' lang='lat'><strong>,</strong></span> <span class='ocrx_word' id='word_1_226' title='bbox 826 2236 939 2295; x_wconf 85' lang='lat' dir='ltr'><strong>quod</strong></span> <span class='ocrx_word' id='word_1_227' title='bbox 953 2234 1145 2293; x_wconf 82' lang='lat' dir='ltr'><strong>cuiquam</strong></span> <span class='ocrx_word' id='word_1_228' title='bbox 1166 2231 1303 2297; x_wconf 70' lang='lat' dir='ltr'><strong>potaest.</strong></span> 
     </span>
    </p>

    <p class='ocr_par' dir='ltr' id='par_1_3' title="bbox 151 2299 1509 2518">
     <span class='ocr_line' id='line_1_30' title="bbox 151 2299 1509 2370; baseline -0.007 -14"><span class='ocrx_word' id='word_1_229' title='bbox 151 2310 254 2356; x_wconf 91' lang='lat' dir='ltr'><strong>Hoc</strong></span> <span class='ocrx_word' id='word_1_230' title='bbox 277 2307 307 2353; x_wconf 88' lang='lat' dir='ltr'>fi</span> <span class='ocrx_word' id='word_1_231' title='bbox 333 2308 428 2370; x_wconf 89' lang='lat' dir='ltr'><strong>quis</strong></span> <span class='ocrx_word' id='word_1_232' title='bbox 451 2308 497 2353; x_wconf 88' lang='lat' dir='ltr'><strong>in</strong></span> <span class='ocrx_word' id='word_1_233' title='bbox 525 2307 734 2354; x_wconf 85' lang='lat' dir='ltr'><strong>medullas</strong></span> <span class='ocrx_word' id='word_1_234' title='bbox 764 2305 1011 2362; x_wconf 79' lang='lat' dir='ltr'><strong>demiserit,</strong></span> <span class='ocrx_word' id='word_1_235' title='bbox 1046 2316 1090 2351; x_wconf 85' lang='lat' dir='ltr'><strong>et</strong></span> <span class='ocrx_word' id='word_1_236' title='bbox 1117 2303 1269 2349; x_wconf 85' lang='lat' dir='ltr'><strong>omnia</strong></span> <span class='ocrx_word' id='word_1_237' title='bbox 1297 2299 1437 2348; x_wconf 84' lang='lat' dir='ltr'><strong>aliena</strong></span> <span class='ocrx_word' id='word_1_238' title='bbox 1505 2306 1509 2308; x_wconf 71' lang='grc'><strong><em>’</em></strong></span> 
     </span>
     <span class='ocr_line' id='line_1_31' title="bbox 153 2373 1434 2443; baseline -0.009 -14"><span class='ocrx_word' id='word_1_239' title='bbox 153 2381 263 2429; x_wconf 88' lang='lat' dir='ltr'><strong>mala</strong></span> <span class='ocrx_word' id='word_1_240' title='bbox 281 2416 294 2439; x_wconf 90' lang='lat'><em>‚</em></span> <span class='ocrx_word' id='word_1_241' title='bbox 324 2397 514 2443; x_wconf 87' lang='lat' dir='ltr'><strong>quorum</strong></span> <span class='ocrx_word' id='word_1_242' title='bbox 541 2380 696 2442; x_wconf 82' lang='lat' dir='ltr'><strong>ingens</strong></span> <span class='ocrx_word' id='word_1_243' title='bbox 723 2378 922 2441; x_wconf 84' lang='lat' dir='ltr'><strong>quotidie</strong></span> <span class='ocrx_word' id='word_1_244' title='bbox 946 2375 1074 2439; x_wconf 87' lang='lat' dir='ltr'><strong>copia</strong></span> <span class='ocrx_word' id='word_1_245' title='bbox 1094 2374 1175 2430; x_wconf 87' lang='lat' dir='ltr'><strong>est,</strong></span> <span class='ocrx_word' id='word_1_246' title='bbox 1205 2374 1263 2421; x_wconf 85' lang='lat' dir='ltr'><strong>fic</strong></span> <span class='ocrx_word' id='word_1_247' title='bbox 1283 2373 1434 2434; x_wconf 83' lang='lat' dir='ltr'><strong>adspe-</strong></span> 
     </span>
     <span class='ocr_line' id='line_1_32' title="bbox 152 2446 1434 2518; baseline -0.008 -14"><span class='ocrx_word' id='word_1_248' title='bbox 152 2453 266 2504; x_wconf 86' lang='lat' dir='ltr'><strong>xerit</strong></span> <span class='ocrx_word' id='word_1_249' title='bbox 282 2488 298 2516; x_wconf 90' lang='lat'>‚</span> <span class='ocrx_word' id='word_1_250' title='bbox 327 2467 534 2518; x_wconf 86' lang='lat' dir='ltr'><strong>tanquam</strong></span> <span class='ocrx_word' id='word_1_251' title='bbox 555 2452 634 2500; x_wconf 84' lang='lat' dir='ltr'><strong>illis</strong></span> <span class='ocrx_word' id='word_1_252' title='bbox 651 2452 836 2500; x_wconf 85' lang='lat' dir='ltr'><strong>liberum</strong></span> <span class='ocrx_word' id='word_1_253' title='bbox 867 2462 910 2500; x_wconf 89' lang='lat' dir='ltr'><strong>et</strong></span> <span class='ocrx_word' id='word_1_254' title='bbox 928 2450 982 2498; x_wconf 85' lang='lat' dir='ltr'><strong>ad</strong></span> <span class='ocrx_word' id='word_1_255' title='bbox 1008 2449 1050 2498; x_wconf 86' lang='lat' dir='ltr'><strong>se</strong></span> <span class='ocrx_word' id='word_1_256' title='bbox 1074 2448 1159 2497; x_wconf 82' lang='lat' dir='ltr'><strong>iter</strong></span> <span class='ocrx_word' id='word_1_257' title='bbox 1176 2447 1261 2505; x_wconf 79' lang='lat' dir='ltr'><strong>sit3</strong></span> <span class='ocrx_word' id='word_1_258' title='bbox 1291 2446 1434 2494; x_wconf 81' lang='lat' dir='ltr'><strong>multo</strong></span> 
     </span>
    </p>
   </div>
  </div>
 </body>
</html>
