1741 2919
295 150 355 188 ao
557 143 604 188 L,
648 143 951 193 ANNAEI
1000 145 1357 196 SENECAE

289 249 444 314 ignota
465 249 665 296 mitteris
689 252 737 297 ln
763 262 806 298 te
830 253 1014 300 duriora
1034 255 1227 302 remedia
1250 255 1335 302 iam
1355 255 1489 305 solida
1507 273 1588 307 ne-

289 323 429 387 quitia
455 323 665 370 desiderat
694 341 703 371 :
733 339 776 371 et
796 325 971 374 vincula
993 328 1165 390 publica
1181 365 1196 386 ,
1224 345 1268 376 et
1287 347 1435 377 carcer
1458 334 1585 380 adhi-

289 397 477 444 bebitur.
498 398 604 444 Tibi
620 398 868 445 insanabilis
888 399 1056 447 animus
1075 402 1135 448 est
1150 438 1163 461 ‚
1188 416 1231 449 et
1250 403 1479 450 sceleribus
1493 405 1586 452 sce-

285 469 377 517 lera
409 483 648 518 contexens
680 489 690 518 ε
717 483 761 519 et
780 472 868 518 iam
899 489 990 519 non
1013 475 1146 521 causis
1167 512 1181 534 ‚
1215 493 1328 539 quae
1358 494 1584 541 nunquam

287 547 408 593 malo
423 544 652 593 defuturae
671 546 791 602 sunt,
809 547 1070 610 impelleris,
1091 550 1161 596 sed
1176 551 1274 596 satis
1288 551 1367 597 tibi
1384 550 1445 596 est
1462 568 1586 614 mag-

285 637 342 667 na
371 621 426 666 ad
452 620 728 683 peccandum
761 620 912 677 causa,
946 638 1140 683 peccare.
1165 622 1393 670 Perbibisti
1426 625 1584 687 nequi·

283 694 388 741 tiam
406 729 419 751 ‚
441 709 484 741 et
511 693 570 740 ita
591 693 837 740 visceribus
857 693 1156 751 immiscuisti,
1187 710 1234 742 ut
1255 697 1332 743 nisi
1359 714 1461 743 cum
1482 698 1584 761 ipfis

282 769 401 816 exire
428 784 521 814 non
549 768 692 831 poffit.
717 768 840 814 Olim
870 768 999 814 miser
1027 770 1143 815 mori
1176 770 1362 834 quaeris.
1391 771 1503 818 bene
1529 772 1584 819 de

282 853 326 889 te
359 842 624 891 merebimur
656 861 666 889 t
701 842 947 889 auferemus
970 843 1048 889 tibi
1081 843 1203 890 istam
1223 880 1237 901 ‚
1267 861 1354 908 qua
1378 845 1549 894 vexaris
1568 880 1582 902 ‚

283 913 491 962 insaniam
508 934 520 971 ;
540 928 583 962 et
605 932 685 979 per
704 927 775 961 tua
795 915 1019 979 alienaque
1040 917 1243 964 volutato
1264 917 1491 981 supplicia,
1514 920 1583 974 id,

281 988 405 1051 quod
426 1005 565 1034 unum
597 988 767 1035 bonum
790 989 868 1035 tibi
890 988 1082 1052 superest
1098 1025 1110 1047 ,
1139 990 1582 1053 repraesentabimus,

280 1073 490 1109 mortem.
520 1065 673 1124 Quare
702 1062 888 1121 irascar,
921 1064 989 1110 cui
1017 1080 1120 1110 cum
1146 1063 1337 1110 maxime
1365 1064 1579 1126 prosum?

280 1136 463 1183 Interim
489 1136 710 1197 optimum
740 1135 1068 1183 misericordiae
1090 1152 1228 1200 genus
1250 1135 1332 1192 est,
1362 1138 1581 1185 occidere.

282 1203 327 1259 Si
348 1210 568 1258 intrassem
589 1209 956 1258 valetudinarium
978 1212 1241 1258 exercitatus
1267 1224 1310 1258 et
1329 1212 1487 1271 sciens,
1506 1224 1581 1260 aut

280 1287 468 1333 domum
492 1284 639 1332 divitis
657 1317 670 1341 ‚
693 1301 783 1331 non
803 1285 923 1331 idem
945 1284 1223 1349 imperassem
1245 1284 1480 1342 omnibus,
1501 1303 1579 1348 per

279 1358 454 1406 diversa
474 1359 813 1421 aegrotantibus.
829 1359 966 1405 Varia
983 1359 1028 1404 in
1044 1374 1112 1406 tot
1131 1358 1287 1405 animis
1301 1357 1405 1406 vitia
1424 1358 1578 1416 video,

234 1490 239 1494 ζ
282 1443 327 1479 et
365 1431 537 1478 civitati
568 1431 784 1479 curandae
817 1431 1034 1478 adhib-itus
1066 1431 1161 1477 sum
1196 1448 1208 1477 ε
1244 1447 1329 1494 pro
1366 1431 1577 1494 cuiusque

280 1505 447 1552 morbo
470 1505 690 1552 medicina
720 1517 966 1568 quaeratur.
999 1504 1130 1550 Hunc
1149 1503 1268 1550 sanet
1287 1503 1577 1562 verecundia,

279 1578 398 1625 hunc
417 1578 710 1642 peregrinatio
730 1611 743 1633 ,
765 1578 885 1624 hunc
915 1577 1047 1624 dolor
1062 1612 1075 1633 ‚
1104 1577 1222 1622 hunc
1243 1575 1403 1640 egestas
1417 1611 1430 1634 ‚
1457 1575 1575 1623 hunc

280 1650 460 1698 ferrum.
478 1655 628 1714 Itaque
645 1652 720 1698 ets1
743 1650 949 1714 perversa
964 1649 1186 1696 induenda
1205 1647 1476 1712 magistratui
1496 1665 1573 1695 ve-

279 1724 384 1782 stis,
413 1737 456 1771 et
482 1725 776 1772 convocanda
801 1723 976 1771 claffico
1001 1722 1164 1769 concio
1194 1720 1255 1768 est
1287 1739 1298 1767 ε
1332 1721 1574 1784 procedam

277 1797 324 1844 in
346 1798 560 1853 tribunal,
579 1813 669 1844 non
690 1796 836 1844 furens
852 1832 865 1853 ,
884 1813 964 1843 nec
983 1796 1184 1851 infestus,
1206 1795 1280 1841 sed
1299 1794 1423 1843 vultu
1437 1794 1571 1857 legis:

278 1882 322 1918 et
342 1871 411 1918 illa
428 1871 623 1920 solennia
649 1872 788 1918 verba
801 1907 814 1928 ,
834 1869 921 1917 leni
939 1869 1076 1933 magis
1094 1867 1304 1933 gravique
1319 1903 1333 1925 ,
1353 1883 1484 1930 quam
1503 1882 1571 1912 ra-

276 1944 380 1991 bida
396 1960 512 1991 voce
539 1943 786 2007 concipiam
802 1979 813 1998 ‚
843 1954 886 1989 et
912 1941 981 2006 agi
1008 1942 1171 1988 iubebo
1196 1957 1289 1988 non
1316 1940 1469 1994 iratus,
1496 1938 1570 1985 sed

276 2018 470 2066 severus.
497 2021 552 2064 Et
571 2035 670 2065 cum
691 2017 913 2066 cervicem
935 2016 1075 2062 noxio
1095 2015 1291 2078 praecidi
1310 2012 1538 2074 imperabo
1552 2047 1567 2070 ‚

274 2103 319 2137 et
345 2109 445 2138 cum
468 2091 729 2155 parricidam
747 2091 912 2138 insuam
943 2090 1087 2137 culleo
1103 2125 1116 2147 ‚
1142 2100 1186 2136 et
1206 2104 1307 2134 cum
1331 2085 1498 2131 mittam
1520 2085 1566 2131 in

273 2163 538 2227 supplicium
557 2162 765 2220 militare,
784 2175 828 2209 et
848 2179 948 2209 cum
968 2162 1162 2224 Tarpeio
1184 2159 1460 2222 proditorem
1482 2156 1564 2202 ho-

276 2236 443 2284 stemve
462 2236 691 2299 publicum
717 2235 979 2297 imponam3
1004 2233 1092 2280 sine
1111 2233 1203 2287 ira,
1232 2247 1289 2278 eo
1315 2230 1441 2278 vultu
1470 2227 1565 2275 ani-

275 2325 441 2374 moque
459 2325 538 2356 ero
556 2346 572 2367 ,
597 2325 690 2373 quo
708 2309 925 2371 serpentes
944 2322 989 2353 et
1009 2304 1211 2352 animalia
1227 2313 1442 2352 venenata
1461 2318 1564 2364 per-

273 2384 411 2433 cutio.
432 2385 660 2431 Iracundia
688 2400 803 2447 opus
826 2381 888 2428 est
908 2382 962 2427 ad
989 2379 1276 2444 puniendum.
1301 2376 1459 2437 Quid?
1484 2374 1565 2423 tibi

272 2460 453 2511 videtur
470 2461 539 2508 lex
557 2457 681 2507 irasci
705 2458 772 2507 his
787 2472 900 2521 quos
918 2471 1012 2504 non
1032 2452 1182 2513 novit,
1195 2466 1309 2516 quos
1321 2465 1413 2498 non
1432 2446 1564 2505 vidit,
