1741 2919
351 155 443 214 ffi4
589 153 1422 203 e.ANNAE1sssNECAE

346 263 450 308 Sera
466 298 479 319 ‚
504 273 547 309 et
567 259 805 325 nepotibus
827 265 1005 310 demum
1031 263 1190 311 nostris
1215 263 1307 310 dies
1329 277 1435 312 nota
1460 263 1533 323 fit,
1551 280 1638 327 qua

343 332 467 380 illurn
487 351 593 397 gens
614 336 684 382 sua
706 337 836 382 coelo
863 336 1029 383 afferat.

412 411 612 457 XXXH.
651 410 831 457 Abstine
868 411 922 457 ab
958 411 1046 458 hoc
1081 428 1238 458 manus
1271 428 1393 470 tuas,
1429 411 1640 468 fortuna,

343 503 431 533 >nec
461 487 507 532 in
532 485 614 531 isto
642 486 886 548 potentiam
914 492 1033 532 tuam
1051 522 1064 543 ‚
1092 486 1169 531 nisi
1203 504 1252 532 ea
1281 498 1401 548 parte
1420 503 1506 550 qua
1532 503 1640 550 pro-

347 562 425 608 des
440 597 450 617 ,
473 560 730 608 ostenderis.
756 571 902 623 patere
913 559 1039 606 'illum
1067 560 1218 624 generi
1237 561 1434 607 humano
1454 559 1539 606 iam
1562 559 1641 606 diu

349 652 482 700 aegro
513 651 557 682 et
588 633 746 681 affe-&o
784 633 950 680 mederi
979 651 990 680 ε
1021 647 1195 697 patere,
1233 634 1450 698 quidquid
1476 633 1641 696 ‘prioris

350 711 560 776 principis
589 709 721 758 furor
754 709 1000 765 concussu,
1033 711 1077 756 in
1102 711 1254 757 locum
1284 709 1408 756 suum
1442 708 1641 755 restitue-

348 801 395 832 re
413 801 463 831 ac
482 800 712 847 reponere.
731 785 858 831 Sidus
881 785 970 830 hoc
985 820 998 841 ,
1018 784 1145 846 quod
1164 783 1454 846 praecipitato
1475 781 1519 827 in
1538 797 1640 843 pro-

347 858 568 916 fundum,
599 874 650 904 ac
669 857 872 904 demerso
902 857 946 903 in
965 858 1166 903 tenebras
1196 856 1296 902 orbi
1316 856 1502 914 refulsit,
1528 857 1640 902 sem-

348 949 426 995 per
443 932 600 979 luceat.
632 933 718 978 Hic
737 932 1023 978 Germaniam
1046 944 1201 994 pacet,
1235 930 1500 976 Britanniam
1532 946 1639 992 ape·

343 1003 455 1061 'riat,
470 1014 514 1050 et
539 1003 708 1066 patrios
729 1003 983 1066 triumphos
1009 1005 1138 1050 ducat
1153 1038 1164 1059 ,
1184 1014 1227 1050 et
1248 1019 1392 1050 novos
1413 1020 1424 1048 ε
1447 1018 1641 1066 quorum

350 1093 422 1122 me
441 1093 622 1140 quoque
642 1076 930 1139 spectatorem
957 1076 1152 1124 futurum
1172 1094 1310 1140 ,quae
1338 1077 1530 1140 primum
1557 1076 1641 1122 ob-

341 1148 459 1195 ¹tinet
487 1148 637 1195 locum
657 1165 712 1194 ex
738 1149 976 1197 virtutibus
1003 1149 1121 1207 eius,
1149 1148 1371 1212 promittit
1398 1149 1641 1197 clementia.

350 1238 433 1268 nec
453 1221 572 1268 enim
596 1221 655 1268 sic
674 1239 744 1268 me
765 1222 955 1281 deiecit,
976 1234 1023 1268 ut
1045 1221 1182 1268 nollet
1205 1221 1370 1286 erigere
1393 1240 1403 1268 :
1423 1222 1563 1269 immo
1584 1238 1640 1270 ne

351 1295 512 1342 deiecit
541 1296 719 1359 quidem
739 1332 751 1352 ,
780 1297 853 1343 sed
882 1296 1115 1360 impulsum
1143 1313 1166 1342 a
1195 1295 1373 1343 fortuna
1402 1312 1445 1343 et
1476 1297 1640 1344 caden-

350 1380 439 1415 tem
462 1367 685 1428 sustinuit,
712 1381 755 1415 et
774 1368 819 1414 in
847 1386 1056 1432 praeceps
1077 1380 1254 1415 euntem
1281 1370 1434 1417 leniter
1462 1369 1641 1418 divinae

348 1460 503 1490 manus
527 1443 631 1491 usus
668 1444 977 1491 moderatione
1006 1443 1223 1505 deposuit.
1268 1445 1547 1506 Deprecatus
1577 1443 1639 1491 est

348 1533 433 1579 pro
461 1533 533 1563 me
560 1516 781 1573 senatum,
810 1531 855 1563 et
878 1517 1017 1565 vitam
1048 1517 1157 1562 mihi
1178 1533 1269 1562 non
1297 1528 1464 1564 tantum
1490 1516 1636 1573 dedit,

349 1589 423 1637 sed
447 1591 578 1638 etiam
599 1590 740 1653 petiit.
760 1589 956 1650 Viderit,
976 1590 1147 1655 qualem
1165 1590 1291 1637 volet
1309 1590 1522 1637 aestimari
1542 1607 1641 1637 cau·

343 1663 438 1710 'sam
478 1681 635 1711 meam.
668 1664 740 1712 vel
764 1663 925 1713 iustitia
952 1665 1047 1713 eius
1075 1666 1240 1711 bonam
1274 1664 1532 1728 perspiciet,
1563 1664 1638 1711 vel

348 1735 585 1783 clementia
611 1735 742 1783 faciet
758 1769 773 1791 ,
805 1749 1042 1800 utrumque
1067 1737 1112 1783 in
1141 1753 1287 1800 aequo
1309 1736 1418 1782 mihi
1449 1736 1541 1783 eius
1559 1736 1637 1784 be-

350 1809 562 1856 neficium
578 1809 682 1868 erit,
695 1809 784 1859 five
798 1811 1082 1857 innocentem
1096 1827 1167 1858 me
1180 1810 1324 1857 scierit
1337 1809 1439 1868 effe,
1453 1810 1542 1862 five
1558 1824 1636 1858 vo-

349 1884 489 1932 luerit.
509 1885 689 1932 Interim
704 1900 909 1948 magnum
933 1885 1203 1931 miseriarum
1221 1900 1416 1930 mearum
1432 1883 1634 1930 solatium

345 1957 435 2015 est,
453 1957 606 2005 videre
630 1957 975 2004 misericordiam
1000 1957 1092 2004 eius
1116 1969 1264 2004 totum
1287 1958 1442 2004 orbem
1469 1973 1634 2019 perva-

345 2043 521 2095 gantem
539 2049 549 2076 :
565 2048 683 2094 qua-e
702 2049 803 2077 cum
823 2048 876 2078 ex
894 2031 988 2093 ipso
1006 2032 1191 2095 angulo,
1210 2031 1255 2077 in
1276 2047 1367 2094 quo
1380 2047 1465 2094 ego
1483 2030 1634 2076 defos-

348 2106 418 2151 sus
445 2105 566 2161 sum,
600 2105 851 2167 complures
877 2104 1120 2151 multorum
1148 2105 1234 2151 iam
1266 2121 1482 2151 annorum
1508 2105 1633 2151 ruina

344 2178 535 2225 obrutos
566 2178 798 2233 effoderit,
829 2190 871 2225 et
902 2179 945 2224 in
970 2179 1115 2225 lucem
1145 2178 1391 2236 reduxerit,
1421 2195 1513 2225 non
1545 2194 1630 2227 ve-

342 2267 446 2297 reor
472 2267 526 2296 ne
559 2268 631 2298 me
653 2267 789 2297 unum
820 2252 1018 2298 transeat.
1046 2251 1139 2314 Ipse
1168 2263 1309 2297 autem
1343 2251 1513 2314 optime
1542 2267 1630 2296 no-

343 2322 411 2371 vit
430 2328 630 2385 tempus,
654 2339 747 2386 quo
767 2324 926 2387 cuique
946 2324 1101 2370 debeat
1122 2324 1369 2370 succurrere
1389 2342 1399 2369 :
1423 2340 1507 2386 ego
1529 2339 1631 2369 om-

346 2412 448 2440 nem
476 2410 659 2456 operam
688 2395 832 2450 dabo,
860 2413 914 2441 ne
940 2395 1174 2457 pervenire
1205 2396 1260 2440 ad
1287 2412 1358 2441 me
1388 2392 1629 2441 erubescat.

346 2469 395 2513 O
421 2465 599 2515 felicem
630 2467 907 2515 clementiam
934 2482 1053 2516 tuam
1068 2503 1086 2527 ,
1119 2465 1303 2515 Caesar!
1331 2482 1441 2530 quae
1471 2464 1626 2520 efficit,
