1741 2919
334 159 849 237 CONSOLATQIO
883 160 983 208 AD
1022 160 1292 209 POLYB.
1387 175 1471 227 151

190 285 262 316 me
293 267 512 333 indignari
545 267 636 317 scio
662 287 673 315 :
702 269 809 316 nihil
829 268 889 317 est
919 268 1039 318 enim
1060 269 1278 318 difficilius
1297 306 1311 330 ,
1347 287 1478 335 quam

191 356 357 405 magno
381 342 533 389 dolori
560 341 679 405 paria
704 341 841 389 verba
861 342 1065 406 reperire.
1087 345 1175 389 lam
1197 359 1315 391 nunc
1331 358 1480 391 tamen

192 414 224 460 si
242 415 350 478 quid
371 414 587 479 proficere
608 414 864 478 possumus,
887 433 1225 480 conqueramur.
1250 416 1376 478 Quid
1399 417 1480 465 tibi

194 487 373 535 voluisti
403 499 492 535 tam
518 488 703 544 iniusta,
731 504 775 535 et
798 503 887 535 tam
914 489 1112 537 violenta
1131 488 1339 537 fortuna?
1369 492 1484 541 Tam

194 560 287 609 cito
306 561 599 625 indulgentiae
620 574 717 608 tuae
737 572 779 608 te
799 561 1048 624 poenituit?
1081 579 1191 626 quae
1219 562 1294 608 ista
1321 565 1485 612 crude-

194 633 289 681 litas
315 633 408 682 est?
441 635 487 680 in
515 634 685 681 medios
709 632 864 681 fratres
888 634 1104 697 impetum
1127 633 1294 694 facere,
1320 649 1364 683 et
1395 650 1484 685 tam

196 721 379 754 cruenta
400 706 550 770 rapina
574 705 962 754 concordiffimam
991 706 1161 753 turbam
1189 706 1455 757 imminuere
1473 746 1488 770 ,

194 790 285 824 tam
315 777 429 825 bene
463 777 662 842 stipatam
703 777 983 841 optimorum
1020 779 1367 826 adolescentium
1400 783 1486 829 do-

196 867 345 909 mum,
363 851 407 896 in
428 851 552 897 nullo
572 850 709 898 fratre
729 851 1093 914 degenerantem,
1113 851 1288 899 turbare
1304 884 1319 907 ‚
1337 868 1381 899 et
1400 854 1488 903 fine

195 924 280 972 ull-a
301 925 426 972 causa
449 925 641 972 delibare
660 924 868 973 voluisti?
889 924 1009 971 Nihil
1033 940 1140 988 ergo
1161 925 1339 988 prodest
1358 925 1490 975 inno-

197 999 340 1048 centia
360 1000 415 1046 ad
442 1016 621 1047 omnem
647 1000 789 1064 legem
808 999 955 1046 exasta
971 1032 986 1057 ,
1008 997 1116 1045 nihil
1143 997 1325 1062 antiqua
1344 997 1492 1063 fruga-

199 1073 322 1132 litas,
348 1074 456 1120 nihil
481 1073 696 1121 felicitatis
719 1074 913 1121 summae
939 1073 1167 1137 potentia,
1195 1073 1361 1120 summa
1382 1090 1492 1122 con-

199 1147 368 1196 servata
396 1147 680 1207 abstinentia,
710 1147 818 1194 nihil
847 1146 1034 1196 sincerus
1057 1158 1101 1193 et·
1125 1158 1241 1194 tutus
1268 1147 1495 1197 literarum

199 1237 351 1277 amor,
373 1221 480 1267 nihil
498 1221 553 1268 ab
572 1221 698 1268 omni
717 1221 813 1269 labe
835 1237 960 1268 mens
979 1225 1163 1268 vacans?
1192 1222 1331 1284 Luget
1354 1222 1497 1287 Poly-

199 1294 320 1352 bius,
338 1310 381 1342 et
398 1294 443 1340 in
468 1310 562 1342 uno
581 1293 748 1352 fratre,
758 1293 865 1358 quid
885 1294 938 1340 de
959 1293 1137 1356 reliquis
1157 1294 1290 1356 poffis
1305 1329 1318 1352 ‚
1339 1296 1497 1344 admo-

200 1366 337 1425 nitus,
358 1367 489 1415 etiam
508 1368 562 1415 de
581 1366 680 1431 ipsis
701 1366 869 1415 doloris
892 1366 954 1414 sui
973 1366 1139 1414 solatiis
1166 1367 1508 1417 timet0.facinus.

200 1439 456 1505 indignum!
487 1442 603 1506 luget
622 1440 867 1506 Polybius⁹
891 1454 934 1489 et
956 1441 1121 1505 aliquid
1147 1442 1346 1504 propitio
1374 1444 1500 1492 dolet

202 1514 400 1562 Caesare.
424 1516 511 1563 hoc
545 1514 634 1563 fine
662 1515 801 1564 dubio
828 1515 1053 1579 impotens
1083 1514 1262 1563 fortuna
1294 1517 1498 1581 captasti,

202 1602 252 1638 ut
272 1590 521 1639 ostenderes
540 1591 763 1639 neminem
792 1607 949 1640 contra
965 1606 1008 1638 te
1022 1627 1038 1648 ,
1061 1607 1117 1639 ne
1137 1607 1162 1638 a
1187 1591 1370 1641 Caesare
1398 1593 1499 1659 qui-

201 1664 334 1722 dem,
360 1664 484 1727 poffe
511 1664 703 1712 defendi.

270 1739 438 1786 xxm.
469 1738 650 1786 Diutius
677 1735 880 1787 accusare
915 1737 1001 1785 fata
1030 1738 1303 1802 possumus,
1328 1753 1499 1790 mutare

205 1830 298 1860 non
321 1812 563 1876 possumus.
596 1811 704 1859 stant
730 1813 836 1859 dura
859 1827 903 1860 et
935 1812 1238 1860 inexorabilia.
1265 1831 1399 1861 nemo
1428 1814 1502 1863 illa

208 1886 449 1945 convicio,
465 1903 601 1934 nemo
623 1886 728 1934 fletu
743 1922 757 1944 ‚
778 1902 911 1934 nemo
930 1887 1053 1934 causa
1075 1902 1229 1935 movet
1250 1906 1260 1934 ;
1286 1888 1394 1935 nibil
1414 1906 1499 1936 un·

207 1978 340 2026 quam
363 1974 550 2024 parcunt
568 1960 644 2007 ulli
661 1996 674 2019 ,
702 1977 782 2008 nec
800 1961 1041 2008 remittunt.
1062 1960 1255 2008 Proinde
1272 1979 1501 2025 parcamus

208 2035 426 2092 lacrimis,
459 2034 566 2081 nihil
601 2033 945 2097 proficientibus.
972 2033 1141 2082 facilius
1171 2036 1292 2082 enim
1325 2053 1408 2084 nos
1440 2037 1502 2084 illi

211 2109 344 2156 dolor
363 2108 438 2155 iste
458 2107 663 2165 adiiciet,
682 2124 814 2171 quam
834 2107 958 2156 illum
979 2108 1108 2155 nobis
1132 2110 1328 2157 reducet,
1357 2111 1453 2171 Qui
1473 2110 1502 2157 fi
1531 2112 1542 2115 ‘⁷

212 2200 297 2232 nos
327 2194 534 2248 torquet,
564 2199 657 2230 non
686 2183 881 2240 adiuvat⁰
902 2183 1066 2247 *primo
1086 2200 1267 2247 quoque
1289 2197 1503 2249 tempore

214 2255 498 2318 deponendus
517 2255 579 2303 est
599 2273 610 2303 :
629 2268 674 2303 et
696 2256 752 2303 ab
770 2255 970 2304 inanibus
996 2256 1181 2315 solatiis,
1201 2272 1333 2322 atque
1357 2276 1504 2306 amara

216 2330 405 2394 quadam
430 2331 611 2380 libidine
632 2331 838 2390 dolendi,
862 2333 1032 2381 animus
1058 2334 1351 2396 recipiendus.
1387 2337 1502 2383 Nam

216 2402 408 2451 lacrimis
435 2404 614 2463 nostris,
636 2406 679 2452 ni
707 2405 819 2453 ratio
846 2404 977 2452 finem
1002 2405 1187 2464 fecerit,
1217 2407 1391 2454 fortuna
1412 2424 1503 2454 non

217 2476 362 2527 faciet.
388 2479 561 2527 Omnes
585 2481 768 2544 agedum
796 2481 1006 2530 mortales
1033 2482 1321 2545 circumspice
1347 2501 1357 2530 :
1386 2483 1504 2548 larga

1137 2549 1250 2606 124
