1741 2919
316 156 832 205 CONsotArto
868 159 969 206 AD
1004 159 1223 225 HELV.
1343 177 1432 226 ιη

135 265 227 313 lant
250 278 401 329 gentes
422 282 433 312 τ
454 277 501 312 tu
525 265 630 313 vive
653 267 792 312 Bruto
811 265 1024 314 miratore
1045 279 1295 315 contentus.
1316 253 1433 316 Bene

135 356 243 404 ergo
261 338 455 386 exsilium
479 339 575 386 tulit
593 339 860 387 Marcellus:
884 357 965 387 nec
993 341 1236 404 quidquam
1267 341 1310 386 in
1337 342 1435 390 ani-

135 427 216 458 mo
235 412 327 458 eius
346 411 534 459 mutavit
553 411 640 458 loci
659 410 848 461 mutatio
864 447 875 469 ‚
899 411 1105 475 quamvis
1123 429 1218 459 eam
1240 429 1436 476 pauper-

134 499 199 532 tas
220 483 488 549 sequeretur.
503 484 549 529 in
574 499 659 547 qua
679 483 788 530 nihil
816 483 918 529 mali
941 483 1026 531 esse
1042 520 1055 543 ‚
1076 484 1276 548 quisquis
1293 488 1437 534 modo

134 558 338 606 nondum
380 557 582 620 pervenit
617 556 662 603 in
697 556 906 604 insaniam
952 557 1103 604 omnia
1143 557 1436 608 subvertentis

135 632 344 680 avaritiae
378 646 510 695 atque
539 629 738 678 luxuriae
765 666 780 690 ‚
814 628 1028 694 intelligit.
1059 632 1336 692 Quantulum
1373 633 1436 681 est

133 707 281 764 enim,
312 706 435 771 quod
467 707 513 753 in
540 705 722 754 tutelam
750 705 923 752 homini
955 705 1239 753 necessarium
1269 706 1354 754 fit?
1392 718 1436 755 et

134 780 209 828 cui
227 780 368 828 deesse
389 781 477 829 hoc
497 779 664 844 potest,
681 779 811 827 ullam
831 780 975 828 modo
995 780 1206 828 virtutem
1225 780 1439 830 habenti?

134 855 276 916 Quod
293 855 348 902 acl
363 871 433 903 me
453 854 635 920 quidem
653 854 865 918 pertinet,
885 854 1084 919 intelligo
1103 872 1175 903 me
1194 872 1287 902 non
1306 872 1436 919 opes,

133 928 209 977 sed
233 929 551 994 occupationes
572 928 820 994 perdidisse.
851 929 1058 992 corporis
1087 929 1243 993 exigua
1266 930 1438 977 defide-

133 1002 199 1048 ria
216 1001 312 1049 sunt
333 1001 495 1066 :frigus
515 1002 784 1052 submovere
808 1003 931 1060 vult,
957 1001 1173 1049 alimentis
1198 1001 1359 1051 samem
1386 1021 1437 1051 ac

134 1073 250 1122 sitim
271 1074 549 1139 exstinguere
571 1094 584 1123 :
611 1076 828 1142 quidquid
852 1087 971 1124 extra
991 1074 1340 1140 concupiscitur,
1362 1076 1437 1126 vi-

133 1147 207 1195 tiis
220 1184 234 1204 ,
250 1164 342 1194 non
361 1148 506 1197 usibus
526 1149 764 1208 laboratur.
777 1152 884 1198 Non
903 1149 966 1198 ‘est
985 1149 1156 1198 necesse
1178 1167 1314 1197 omne
1335 1168 1437 1214 per-

134 1218 316 1268 scrutari
346 1221 620 1286 profundum
636 1259 650 1280 ,
678 1240 759 1272 nec
781 1223 921 1288 strage
952 1223 1208 1271 animalium
1229 1236 1435 1272 ventrem

134 1308 322 1341 onerare
337 1330 350 1352 ‚
376 1311 458 1341 nec
482 1297 721 1361 conchylia
740 1297 881 1345 ultimi
900 1296 1031 1345 maris
1055 1314 1110 1344 ex
1128 1297 1284 1360 ignoto
1308 1296 1439 1345 litore

133 1382 305 1414 eruere.
342 1367 421 1414 Dii
445 1367 549 1416 istos
579 1370 774 1433 deaeque
802 1370 1014 1434 perdant,
1046 1386 1242 1434 quorum
1269 1370 1440 1418 luxuria

132 1450 224 1486 tam
253 1440 462 1489 invidiosi
487 1441 664 1507 imperii
685 1443 793 1491 fines
811 1444 1092 1492 transcendit.
1121 1443 1246 1491 Ultra
1267 1443 1441 1492 Phasim

129 1515 231 1578 capi
267 1515 458 1573 volunt,
495 1517 621 1582 quod
657 1517 934 1565 ambitiosam
972 1516 1187 1582 popinam
1221 1515 1405 1564 instruat
1425 1534 1437 1564 :

135 1605 219 1636 nec
246 1589 366 1654 piget
386 1608 409 1638 a
431 1589 600 1638 Parthis
614 1628 628 1651 ‚
660 1609 684 1638 a
704 1590 863 1655 quibus
884 1591 1086 1637 nondum
1117 1605 1287 1653 poenas
1307 1606 1439 1652 repe-

132 1663 285 1713 tiimus
299 1702 314 1725 ‚
334 1682 440 1716 aves
454 1679 622 1731 petere.
648 1666 861 1730 Undique
881 1664 1141 1714 convehunt
1160 1663 1310 1711 omnia
1332 1678 1440 1711 nota

132 1737 369 1786 fastidienti
394 1740 534 1805 gulae.
561 1739 701 1802 Quod
733 1739 965 1787 dissolutus
994 1738 1160 1787 deliciis
1188 1737 1440 1785 stomachus

134 1811 215 1861 vix
244 1812 473 1870 admittat,
499 1814 554 1861 ab
580 1813 741 1861 ultimo
772 1824 977 1878 portatur
1004 1814 1210 1860 Oceano.
1231 1814 1438 1858 Vomunt

134 1896 187 1934 ut
206 1885 364 1946 edant,
384 1887 521 1935 edunt
535 1898 582 1936 ut
600 1899 812 1937 vomant:
827 1897 874 1935 et
893 1885 1065 1950 epulas,
1082 1902 1187 1950 quas
1206 1895 1306 1932 toto
1326 1883 1439 1932 orbe

132 1960 437 2025 conquirunt,
455 1962 552 2009 ‘nec
572 1977 860 2026 concoquere
893 1960 1143 2024 dignantur.
1175 1957 1254 2005 lsta
1278 1956 1309 2003 fi
1338 1958 1440 2022 quis

134 2033 320 2099 despicit
335 2071 349 2096 ‚
372 2035 482 2101 quid
506 2035 568 2082 illi
588 2047 822 2100 paupertas
845 2033 1012 2082 nocet?
1036 2032 1064 2079 si
1084 2032 1182 2097 quis
1202 2031 1439 2094 concupis«

134 2108 221 2169 cit,
255 2109 319 2156 illi
346 2122 576 2173 paupertas
594 2109 724 2158 etiam
747 2107 938 2173 prodest.
971 2107 1140 2154 Invitus
1166 2106 1283 2153 enim
1312 2105 1439 2152 sana-

135 2192 208 2228 tur
229 2199 240 2228 ε
259 2194 303 2229 et
317 2181 348 2228 si
367 2182 562 2229 remedia
581 2200 638 2230 ne
658 2183 834 2231 coaClus
852 2180 1031 2245 quidem
1053 2179 1233 2243 recipit,
1257 2177 1439 2227 interim

135 2269 257 2305 certe
275 2256 382 2304 dum
402 2274 496 2305 non
515 2257 660 2322 potest
676 2292 690 2315 ‚
712 2255 883 2304 nolenti
904 2254 1051 2302 similis
1070 2253 1146 2300 est.
1176 2254 1229 2300 C.
1247 2252 1406 2299 Caesar
1419 2285 1438 2309 ‚

137 2345 274 2393 quem
292 2330 402 2377 mihi
424 2330 602 2380 videtur
625 2347 777 2377 rerum
801 2342 952 2376 natura
982 2326 1163 2375 edidisse
1179 2362 1195 2386 ‚
1222 2341 1270 2374 ut
1289 2325 1436 2374 osten·-

137 2404 264 2451 deret
291 2404 399 2468 quid
421 2405 589 2452 summa
616 2405 729 2452 vitia
758 2404 804 2450 in
833 2404 1000 2450 summa
1026 2401 1206 2448 fortuna
1230 2399 1403 2464 possent
1421 2433 1437 2458 ,

138 2477 304 2536 centies
322 2477 520 2531 sestertio
539 2479 746 2531 coenavit
763 2495 855 2529 uno
872 2477 944 2528 die
963 2495 975 2528 ς
996 2492 1041 2527 et
1059 2476 1105 2527 in
1121 2476 1210 2529 hoc
1230 2475 1438 2529 omnium
