1741 2919
306 167 395 226 276
464 166 511 211 L.
549 167 686 212 ANN.
720 167 842 212 SEN.
874 167 959 212 De:
992 168 1234 228 TRANQ.
1263 171 1454 217 AriltMt.

300 282 343 315 et
374 269 537 325 asserit,
567 285 830 334 vegetatque
861 283 904 318 et
936 272 1216 320 audaciorem
1244 274 1289 320 in
1320 292 1474 322 ornnes
1500 292 1582 322 co-

302 356 423 390 natus
450 343 564 391 facit.
594 345 678 390 Sed
702 360 750 392 ut
782 345 1017 403 libertatis,
1047 345 1104 392 ita
1138 345 1230 393 vini
1264 346 1443 393 salubris
1477 363 1580 394 mo-

300 418 471 463 deratio
503 418 579 465 est.
620 421 673 464 Et
708 419 915 466 Solonem
936 452 950 475 ‚
983 420 1337 483 Arcefilaumque
1364 419 1579 468 indulsisse

300 490 410 535 vino
439 492 635 537 credunt.
667 491 831 538 Catoni
866 494 1049 540 ebrietas
1083 494 1252 540 obiecta
1281 494 1342 540 est
1373 511 1384 540 :
1410 493 1580 540 facilius

299 561 702 625 efficiet,.quisquis
735 563 948 611 obiecerit
965 600 978 622 ,
1004 566 1091 612 hoc
1117 566 1281 612 crimen
1316 566 1545 613 honestum
1565 600 1579 621 ,

299 651 430 696 quam
452 646 623 698 turpem
640 636 874 682 Catonem.
897 637 979 682 Sed
1001 654 1079 684 nec
1096 638 1219 700 saepe
1237 638 1484 685 faciendum
1502 637 1580 696 est,

299 725 354 754 ne
382 708 553 755 animus
571 709 730 756 malam
748 709 1110 757 consuetudinem
1135 712 1264 759 ducat
1283 729 1294 758 :
1321 725 1364 758 et
1382 709 1578 774 aliquan-

299 783 359 829 do
386 795 532 830 tamen
561 783 606 829 in
632 784 969 830 exsultationem
991 784 1327 849 libertatemque
1351 785 1579 832 extrahen-

298 854 403 910 dus,
429 854 646 917 tristisque
675 854 881 901 sobrietas
902 857 1173 903 removenda
1198 856 1422 919 paulisper.
1446 858 1579 914 Nam,

298 925 386 973 {ive
413 929 589 975 Graeco
613 929 769 990 po'e'tae
794 930 1035 987 credimus,
1063 930 1302 993 aliquando
1327 942 1369 977 et
1393 930 1580 977 insanire

296 998 538 1045 iucundum
571 999 632 1047 est
662 1018 672 1046 :
710 999 797 1047 five
822 1001 1021 1058 Platoni,
1051 1001 1203 1048 frustra
1233 1002 1430 1064 poeticas
1460 1000 1578 1048 fores

296 1087 484 1133 compos
504 1071 565 1117 sui
587 1072 781 1134 pepulit:
802 1072 891 1118 five
906 1072 1158 1131 Aristoteli,
1180 1073 1344 1119 nullum
1366 1089 1576 1135 magnum

296 1143 521 1206 ingenium
550 1142 637 1189 fine
667 1144 855 1190 mixtura
886 1144 1128 1191 dementiae
1157 1144 1254 1191 fuit.
1288 1147 1394 1192 Non
1425 1144 1570 1206 potest

297 1216 460 1277 grande
478 1215 643 1278 aliquid
658 1231 701 1264 et
720 1217 845 1279 supra
862 1230 1033 1264 ceteros
1047 1217 1194 1281 loqui,
1208 1217 1420 1264 nisrmota
1436 1233 1575 1265 mens.

296 1289 412 1334 Cum
444 1288 640 1351 vulgaria
669 1301 711 1334 et
739 1289 865 1336 solita
903 1289 1162 1346 contemsit,
1190 1290 1476 1353 instincluque
1508 1291 1574 1336 sa-

294 1375 375 1405 cro
398 1358 582 1406 surrexit
606 1360 846 1419 excelsior,
871 1376 975 1409 tunc
1005 1363 1186 1408 demum
1216 1362 1380 1425 aliquid
1413 1361 1573 1408 cecinit

292 1432 499 1494 grandius
519 1448 597 1478 ore
615 1432 808 1478 mortali.
835 1434 940 1478 Non
961 1433 1104 1495 potest
1126 1433 1308 1481 sublime
1330 1433 1570 1497 quidquam

292 1518 333 1550 et
358 1506 403 1550 in
436 1505 576 1552 arduo
606 1505 794 1568 positum
823 1507 1082 1569 contingere
1107 1544 1121 1566 ,
1145 1507 1355 1570 quamdiu
1389 1507 1505 1568 apud
1529 1504 1573 1553 se

291 1577 364 1624 est.
383 1578 608 1625 Desciscat
623 1591 802 1641 oportet
816 1596 840 1625 a
860 1579 1010 1637 solito,
1026 1593 1068 1626 et
1083 1579 1289 1627 efferatur
1304 1616 1317 1637 ‚
1332 1592 1374 1627 et
1391 1578 1570 1625 morde-

290 1668 333 1700 at
352 1653 601 1709 fraenos‚et
617 1655 834 1701 rectorem
856 1654 991 1716 rapiat
1012 1653 1132 1700 suum
1152 1673 1163 1699 τ
1187 1671 1332 1717 eoque
1349 1654 1459 1700 ferat
1477 1667 1569 1716 quo

289 1727 427 1788 perse
453 1726 659 1773 timuisset
686 1727 931 1773 escendere.
958 1727 1128 1782 Habes,
1148 1726 1307 1772 Serene
1335 1723 1572 1781 cariffime',

289 1815 400 1861 quae
433 1800 593 1861 poflint
623 1798 977 1862 tranquillitatem
1007 1799 1143 1857 tueri,
1176 1816 1287 1862 quae
1319 1798 1572 1856 restituere,

288 1889 401 1933 quae
430 1872 755 1934 surrepentibus
787 1872 905 1919 vitiis
929 1870 1136 1918 resistant.
1170 1872 1282 1919 Illud
1307 1883 1453 1917 tamen
1484 1870 1569 1917 sci·

291 1958 337 1990 to
354 1982 369 2001 ,
400 1944 509 1991 nihil
527 1946 688 1993 horum
715 1944 810 1992 satis
834 1945 918 1992 effe
944 1946 1167 2004 validum,
1187 1963 1279 1992 rem
1306 1944 1567 1992 imbecillam

286 2020 587 2078 servantibus,
625 2020 701 2066 nisi
726 2020 893 2069 intenta
927 2033 971 2069 et
1005 2021 1165 2070 affidua
1198 2038 1301 2072 cura
1329 2020 1568 2071 circumeat

290 2095 485 2143 animum
510 2094 746 2143 labentem.
