1741 2919
285 158 374 190 102
508 144 557 188 L.
608 141 914 186 A'NNAEI
968 139 1341 187 SENECAE

279 248 487 299 vocatori
504 281 517 304 ,
551 247 631 311 ipsi
652 247 727 311 qui
746 247 825 295 tibi
848 247 1188 311 praeferebatur.
1208 249 1411 295 Demens
1427 284 1441 307 ,
1472 248 1579 313 quid

278 321 484 379 interest,
511 339 645 386 quam
665 323 764 370 [effi
785 338 959 384 premas
979 323 1178 385 partem?
1206 321 1506 369 honestiorem
1537 335 1580 369 te

279 412 355 443 aut
390 395 638 458 turpiorem
670 395 815 458 potest
845 394 989 442 facere
1022 394 1263 458 pulvinus?
1297 396 1407 441 Non
1431 396 1581 459 aequis

278 470 502 531 quendam
526 469 671 516 oculis
692 468 839 516 vidisti
855 505 868 527 ,
882 469 988 533 quia
1005 470 1059 516 de
1076 468 1255 533 ingenio
1276 482 1359 515 tuo
1379 468 1491 515 male
1510 468 1581 515 lo-

279 555 407 589 cutus
424 542 499 590 est.
534 543 713 607 Recipis
740 544 851 589 hanc
875 543 1048 607 legem?
1071 559 1179 607 ergo
1198 553 1240 588 te
1264 542 1431 589 Ennius
1446 578 1461 600 ,
1487 557 1581 605 quo

282 632 374 662 non
395 617 647 675 delec‘iaris‚
674 618 832 665 odisset
856 636 866 664 :
894 634 937 664 et
955 617 1214 665 Hortensius
1239 616 1474 665 simultates
1499 616 1582 664 tibi

281 689 524 736 indiceret:
550 704 593 737 et
616 690 780 738 Cicero
796 726 810 750 ,
835 690 866 737 fi
890 690 1112 739 derideres
1133 690 1327 740 carmina
1354 691 1474 749 eius,
1497 691 1584 739 ini-

283 762 425 808 micus
456 761 577 809 effer.

348 834 618 880 XXXVIII.
658 833 737 880 Vis
767 844 813 880 tu
845 851 992 898 aequo
1022 835 1173 884 animo
1203 836 1295 898 pati
1327 837 1584 885 candidatus

278 904 514 971 suffragia?
554 909 888 955 Contumeliam
922 910 1002 957 tibi
1032 910 1138 958 fecit
1165 911 1338 975 aliquis.
1365 912 1584 976 numquid

280 980 499 1028 maiorem
519 999 651 1045 quam
672 983 902 1047 Diogeni,
925 985 1199 1049 philosopho
1223 988 1409 1036 Stoico?
1435 987 1506 1034 cui
1525 987 1581 1034 de

279 1055 345 1099 ira
366 1071 465 1101 cum
490 1055 683 1102 maxime
709 1056 960 1117 disserenti,
980 1059 1235 1108 adolescens
1253 1074 1491 1123 protervus
1509 1059 1584 1106 in-

279 1127 407 1190 spuit.
428 1130 527 1176 tulit
549 1130 639 1177 hoc
660 1131 732 1176 ille
752 1131 907 1179 leniter
928 1149 980 1181 ac
1002 1132 1229 1196 sapienter.
1252 1135 1361 1181 Non
1378 1133 1585 1197 quidem,

278 1201 448 1264 inquit,
470 1203 661 1251 irascor:
682 1204 756 1251 sed
775 1206 933 1253 dubito
954 1221 1128 1263 tamen,
1142 1224 1199 1254 an
1216 1207 1342 1255 irasci
1360 1218 1585 1270 oporteat.

279 1276 397 1323 Cato
421 1277 569 1325 noster
594 1279 765 1326 melius.
797 1280 986 1328 cuicum
1003 1281 1174 1328 causam
1197 1282 1370 1346 agenti,
1394 1282 1440 1328 in
1458 1281 1584 1327 fron-

278 1363 369 1394 tem
398 1351 591 1397 mediam
610 1364 823 1413 quantum
848 1365 1020 1415 poterat
1037 1356 1216 1401 aurasia
1241 1354 1399 1417 pingui
1420 1354 1550 1399 saliva
1567 1388 1585 1410 ‚

276 1417 502 1480 inspuisset
532 1422 741 1469 Lentulus
759 1458 774 1479 ‚
803 1423 874 1469 ille
905 1439 1080 1486 patrum
1113 1424 1369 1469 nostrorum
1402 1440 1582 1471 memo-

278 1493 342 1539 ria
364 1493 569 1541 faffiosus
588 1511 631 1542 et
649 1495 873 1558 impotens
891 1533 905 1555 ,
927 1496 1120 1543 abstersit
1140 1496 1298 1544 faciem
1314 1533 1327 1554 ,
1350 1511 1419 1556 et,
1445 1498 1580 1544 Affir«.

278 1567 442 1623 rnabo5
467 1569 638 1632 inquit⁹
662 1570 897 1627 omnibus,
930 1571 1140 1630 Lentule,
1171 1569 1262 1618 falli
1290 1587 1399 1628 eos,
1428 1571 1506 1635 qui
1538 1587 1581 1621 te

278 1655 438 1706 negant
465 1658 515 1689 os
546 1643 722 1688 habere.

345 1715 573 1761 XXXIX.
593 1714 794 1778 Contigit
819 1713 904 1761 iam
923 1714 1053 1762 nobis
1068 1752 1080 1774 ‚
1101 1717 1304 1776 Novate,
1321 1718 1434 1766 bene
1453 1735 1582 1767 com-

278 1804 447 1850 ponere
478 1790 672 1834 animum
691 1825 704 1846 ‚
730 1788 762 1834 fi
788 1801 862 1834 aut
891 1804 985 1834 non
1018 1788 1145 1835 sentit
1177 1790 1450 1838 iracundiam
1468 1827 1482 1847 ‚
1507 1804 1582 1839 aur

279 1862 478 1924 superior
498 1862 570 1909 est.
592 1863 836 1909 Videamus
852 1863 1091 1926 quomodo
1113 1862 1296 1911 alienam
1317 1864 1426 1910 iram
1443 1865 1583 1912 lenia-

279 1954 396 1984 mus.
426 1953 507 1991 nec
527 1936 646 1984 enim
668 1936 756 1982 sani
776 1936 862 1983 esse
883 1947 1053 1983 tantum
1073 1937 1309 1996 volumus,
1329 1938 1401 1985 sed
1418 1939 1581 1989 sanare.

281 2008 477 2056 Primam
495 2010 604 2056 iram
620 2025 711 2055 non
728 2009 984 2056 audebimus
1004 2010 1206 2057 oratione
1227 2011 1438 2070 mulcere,
1451 2010 1579 2060 surda

279 2081 339 2132 est
359 2096 401 2129 et
423 2100 600 2129 amens:
621 2082 819 2129 dabimus
839 2083 901 2129 illi
922 2084 1121 2146 spatium.
1149 2084 1342 2132 remedia
1361 2084 1406 2131 in
1424 2086 1581 2133 remis-.

277 2157 472 2204 sionibus
506 2157 701 2219 prosunt.
737 2174 819 2204 nec
847 2158 1003 2204 oculos
1035 2170 1254 2206 tumentes
1284 2159 1578 2217 tentabimus,

277 2230 375 2279 vim
410 2232 622 2294 rigentem
652 2232 883 2279 movendo
909 2232 1160 2290 imitaturi,
1190 2249 1271 2279 nec
1303 2244 1445 2280 cetera
1469 2234 1579 2282 vitia

275 2305 384 2351 dum
409 2305 600 2352 fervent.
626 2306 751 2352 Initia
770 2306 1034 2353 morborum
1056 2306 1179 2371 quies
1201 2319 1334 2354 curat.
1366 2309 1574 2368 Quantu-

275 2379 369 2424 lum
385 2414 397 2436 ‚
422 2380 569 2443 inquis
583 2417 596 2438 ,
625 2378 802 2443 prodest
819 2381 1067 2428 remedium
1094 2394 1221 2428 tuum
1238 2414 1252 2437 ,
1275 2381 1304 2428 fi
1325 2381 1396 2429 sua
1416 2382 1574 2444 sponte

275 2449 544 2505 desinentem
568 2452 678 2503 iram
697 2453 874 2517 placat?
897 2453 1093 2501 Primum
1110 2490 1124 2514 ,
1144 2470 1192 2502 ut
1209 2454 1336 2504 citius
1364 2454 1526 2503 desinat
1543 2489 1559 2515 5
