1741 2919
303 143 364 194 42}
568 138 613 183 I..
660 136 699 182 Α
716 139 752 182 Ν
777 138 816 182 Ν
834 138 873 182 Α
889 139 922 182 E
943 140 955 182 l
1009 141 1033 182 S
1055 140 1088 183 E
1108 140 1151 184 N
1170 140 1204 184 E
1223 138 1261 183 C
1276 140 1316 184 A
1331 140 1367 184 E

305 246 533 291 movenda
550 244 626 292 est.
650 245 798 292 audiat
825 261 980 291 verum
999 281 1013 303 ‚
1036 259 1079 292 et
1101 247 1250 292 timeat
1276 246 1448 293 interim
1451 282 1480 308 4
1505 264 1589 294 ve-

303 330 451 365 reatur
464 319 632 381 semper
647 353 660 375 ,
682 319 926 372 maioribus
949 319 1165 386 assurgat,
1186 321 1294 366 nihil
1316 338 1392 384 per
1413 322 1588 368 iracun-

302 392 417 437 diam
439 404 605 440 exoret.
626 394 765 454 Quod
783 392 906 439 flenti
931 406 1134 456 negatum
1157 394 1315 450 fuerat,
1341 395 1495 458 quieto
1515 395 1588 443 of-

302 464 495 512 feratur:
518 479 560 513 et
595 467 673 513 div
662 466 775 512 itias
795 478 1050 529 parentum
1061 466 1105 512 in
1136 467 1375 529 conspectu
1403 466 1587 526 habeat,

302 546 394 577 non
416 530 461 575 in
480 531 572 578 usu
600 531 935 594 Exprobrentur
964 530 1022 576 illi
1043 547 1274 593 perperam
1294 531 1421 579 facta.

364 603 514 651 XXII.
529 605 767 651 Pertinebit
781 606 956 662 adrem,
977 621 1076 665 pr3e
1081 619 1280 667 ceptores
1296 606 1588 668 paedagogos—

303 690 390 738 que
420 676 566 738 pueris
595 676 791 738 placidos
816 677 920 723 dari.
951 676 1169 723 Proximis
1188 678 1430 740 applicatur
1455 693 1590 723 omne

302 749 425 812 quod
447 762 650 796 tenerum
669 748 752 808 est,
771 761 814 796 et
832 750 878 795 in
900 765 1056 796 eorum
1073 749 1397 796 similitudinem
1424 749 1591 797 crescit.

301 822 522 869 nutricum
546 837 591 870 et
618 824 975 886 paedagogorum
1008 822 1190 869 retulere
1217 840 1325 870 mox
1346 823 1391 869 in
1423 823 1589 870 adoles-

300 895 489 944 centiam
509 914 669 944 mores.
691 899 824 960 Apud
847 897 1070 943 Platonem
1093 898 1302 944 educatus
1319 913 1452 960 puer,
1483 913 1587 944 cum

298 969 354 1015 acl
379 983 578 1032 parentes
609 970 767 1018 relatus
785 1007 799 1029 ‚
835 969 1159 1019 vociferantem
1189 970 1359 1017 videret
1387 984 1554 1032 patrem
1576 1005 1590 1027 ,

300 1043 719 1109 Nunquani‚inquit
732 1081 746 1103 ‚
767 1046 856 1092 hoc
875 1039 990 1107 apud
1005 1045 1235 1091 Platonem
1254 1043 1362 1093 vidi.
1382 1044 1488 1089 Non
1505 1043 1586 1089 du-

298 1114 417 1170 bito,
437 1115 543 1179 quin
556 1115 683 1166 citius
700 1129 866 1180 patrem
888 1117 1076 1164 imitatus
1096 1116 1170 1172 fit,
1192 1133 1323 1180 quam
1344 1115 1588 1171 Platonem.

299 1189 465 1236 Tenuis
483 1202 582 1238 ante
605 1192 758 1239 omnia
775 1192 914 1240 victus
930 1228 942 1248 ,
971 1208 1014 1239 et
1041 1208 1133 1238 non
1152 1190 1339 1254 pretiosa
1367 1189 1495 1248 vestis
1513 1208 1522 1235 :
1545 1203 1588 1237 et

298 1261 445 1309 fimilis
465 1263 604 1311 cultus
627 1281 729 1312 cum
753 1266 1019 1329 aequalibus.
1047 1266 1154 1311 Non
1173 1264 1380 1310 irascetur
1398 1262 1585 1326 aliquem

297 1336 377 1383 fibi
397 1338 667 1400 comparari,
696 1357 828 1403 quem
849 1341 903 1387 ab
924 1340 1052 1388 initio
1080 1340 1226 1387 multis
1244 1355 1394 1402 parem
1416 1337 1586 1388 feceris·

297 1411 382 1457 Sed
403 1410 510 1458 haec
527 1412 581 1458 ad
595 1412 758 1461 liberos
776 1414 949 1462 nostros
967 1413 1201 1477 pertinent.
1234 1416 1283 1460 In
1304 1413 1433 1460 nobis
1451 1411 1583 1475 fiqui—

299 1483 401 1531 dem
427 1485 515 1532 sors
544 1485 750 1535 nascendi
771 1503 816 1535 et
838 1488 1041 1535 educatio
1069 1503 1150 1534 nec
1176 1486 1276 1535 vitii
1305 1487 1482 1543 locum,
1506 1503 1586 1532 nec

298 1556 387 1603 iam
407 1558 631 1622 praecepti
650 1551 780 1608 habet
799 1576 809 1605 z
830 1560 1049 1625 sequentia
1066 1559 1311 1607 ordinanda
1332 1559 1441 1606 sunt.
1462 1559 1588 1605 Con-

298 1641 364 1676 tra
385 1630 547 1692 primas
565 1631 711 1694 itaque
733 1631 880 1680 causas
901 1648 1095 1696 pugnare
1120 1630 1344 1678 debemus.
1365 1631 1489 1677 causa
1504 1630 1589 1676 ira-

299 1705 508 1760 cundiae,
541 1705 700 1768 opinio
717 1705 900 1753 iniuriae
923 1707 1009 1759 est3
1042 1705 1110 1752 cui
1135 1720 1224 1750 non
1253 1702 1377 1751 facile
1401 1703 1586 1751 creden-

301 1777 406 1823 dum
439 1778 499 1824 est
524 1815 540 1836 ‚
569 1795 652 1826 nec
687 1779 847 1843 apertis
872 1780 1052 1843 quidem
1086 1775 1408 1838 manifestisque
1428 1773 1584 1821 ·statim

300 1851 616 1898 accedendum.
637 1852 868 1913 Quaedam
897 1851 1014 1899 enim
1035 1849 1135 1897 falsa
1150 1884 1164 1906 ‚
1192 1848 1287 1894 veri
1314 1845 1503 1909 speciem
1524 1845 1586 1891 fe-

300 1939 415 1971 runt.
453 1925 663 1972 Dandum
695 1925 864 1989 semper
895 1925 956 1982 est
988 1938 1159 1986 tempus
1185 1940 1194 1968 :
1228 1921 1462 1968 veritatem
1495 1918 1586 1965 dies

302 1999 452 2060 aperit.
483 2000 553 2045 Ne
578 1999 658 2045 fint
681 2016 804 2047 aures
838 1996 1170 2047 criminantibus
1201 1994 1362 2040 faciles.
1387 1992 1475 2038 hoc
1504 1991 1586 2037 hu-

303 2089 454 2118 manae
478 2084 653 2120 naturae
684 2072 844 2119 vitium
877 2071 1118 2134 Inspectum
1135 2105 1150 2125 ‚
1182 2079 1425 2127 notumque
1455 2064 1586 2110 nobis

304 2142 379 2199 fit,
402 2145 525 2208 quod
544 2161 656 2209 quae
675 2143 803 2192 inviti
823 2145 1047 2201 audimus,
1075 2142 1259 2189 libenter
1279 2137 1496 2203 credimus
1516 2149 1589 2184 :et

302 2212 534 2283 antequam
555 2220 797 2267 iudicemus
810 2250 823 2275 ,
848 2218 1045 2265 trasc1mt
1036 2234 1085 2269 ι

370 2293 538 2339 XXIII.
573 2295 727 2354 Quid,
747 2294 869 2358 quod
885 2308 980 2338 non
1000 2290 1376 2339 eliminationibus
1396 2298 1587 2344 tantum,

306 2365 378 2414 fed
415 2366 730 2429 suspicionibus
756 2365 1021 2429 impellimur
1043 2397 1057 2419 ‚
1091 2378 1133 2411 et
1169 2381 1223 2411 ex
1254 2362 1379 2411 vultu
1411 2360 1584 2423 risuque

305 2439 450 2487 alieno
480 2440 632 2502 peiora
657 2439 957 2504 interpretati,
985 2436 1293 2500 innocentibus
1323 2432 1582 2483 irascimur?
