<?xml version="1.0" encoding="UTF-8"?>
<!DOCTYPE html PUBLIC "-//W3C//DTD XHTML 1.0 Transitional//EN"
    "http://www.w3.org/TR/xhtml1/DTD/xhtml1-transitional.dtd">
<html xmlns="http://www.w3.org/1999/xhtml" xml:lang="en" lang="en">
 <head>
  <title>
</title>
<meta http-equiv="Content-Type" content="text/html;charset=utf-8" />
  <meta name='ocr-system' content='tesseract 3.04.00' />
  <meta name='ocr-capabilities' content='ocr_page ocr_carea ocr_par ocr_line ocrx_word'/>
</head>
<body>
  <div class='ocr_page' id='page_1' title='image "./lannaeisenecaeph01seneuoft_0329.png"; bbox 0 0 1741 2919; ppageno 0'>
   <div class='ocr_carea' id='block_1_1' title="bbox 339 125 1434 190">
    <p class='ocr_par' dir='ltr' id='par_1_1' title="bbox 339 125 1434 190">
     <span class='ocr_line' id='line_1_1' title="bbox 339 125 1434 190; baseline -0.006 -10"><span class='ocrx_word' id='word_1_1' title='bbox 339 130 425 187; x_wconf 88' lang='lat' dir='ltr'>DE</span> <span class='ocrx_word' id='word_1_2' title='bbox 458 128 862 178; x_wconf 36' lang='lat' dir='ltr'>CONSTANTIA*</span> <span class='ocrx_word' id='word_1_3' title='bbox 884 128 1190 175; x_wconf 57' lang='lat' dir='ltr'><strong>SAPIENTIS.</strong></span> <span class='ocrx_word' id='word_1_4' title='bbox 1351 125 1434 190; x_wconf 74' lang='lat'>283</span> 
     </span>
    </p>
   </div>
   <div class='ocr_carea' id='block_1_2' title="bbox 148 238 1448 2519">
    <p class='ocr_par' dir='ltr' id='par_1_2' title="bbox 148 238 1448 2519">
     <span class='ocr_line' id='line_1_2' title="bbox 148 238 1433 302; baseline -0.005 -16"><span class='ocrx_word' id='word_1_5' title='bbox 148 238 230 286; x_wconf 75' lang='lat' dir='ltr'>{int</span> <span class='ocrx_word' id='word_1_6' title='bbox 255 256 267 285; x_wconf 73' lang='lat' dir='ltr'><em>z</em></span> <span class='ocrx_word' id='word_1_7' title='bbox 298 239 455 285; x_wconf 74' lang='lat' dir='ltr'>‘deinde</span> <span class='ocrx_word' id='word_1_8' title='bbox 478 238 667 302; x_wconf 83' lang='lat' dir='ltr'>ingentia</span> <span class='ocrx_word' id='word_1_9' title='bbox 697 238 863 296; x_wconf 84' lang='lat' dir='ltr'>locuti,</span> <span class='ocrx_word' id='word_1_10' title='bbox 895 254 997 283; x_wconf 85' lang='lat' dir='ltr'>cum</span> <span class='ocrx_word' id='word_1_11' title='bbox 1028 250 1265 299; x_wconf 80' lang='lat' dir='ltr'>pauperem</span> <span class='ocrx_word' id='word_1_12' title='bbox 1299 250 1433 298; x_wconf 84' lang='lat' dir='ltr'>nega·</span> 
     </span>
     <span class='ocr_line' id='line_1_3' title="bbox 149 308 1433 374; baseline -0.004 -16"><span class='ocrx_word' id='word_1_13' title='bbox 149 312 222 358; x_wconf 82' lang='lat' dir='ltr'>stis</span> <span class='ocrx_word' id='word_1_14' title='bbox 243 311 327 358; x_wconf 81' lang='lat' dir='ltr'>effe</span> <span class='ocrx_word' id='word_1_15' title='bbox 344 311 601 374; x_wconf 79' lang='lat' dir='ltr'>sapientem,</span> <span class='ocrx_word' id='word_1_16' title='bbox 623 326 713 358; x_wconf 91' lang='lat' dir='ltr'>non</span> <span class='ocrx_word' id='word_1_17' title='bbox 738 311 899 373; x_wconf 82' lang='lat' dir='ltr'>negatis</span> <span class='ocrx_word' id='word_1_18' title='bbox 921 309 1055 356; x_wconf 72' lang='lat' dir='ltr'>solere</span> <span class='ocrx_word' id='word_1_19' title='bbox 1078 308 1140 353; x_wconf 78' lang='lat' dir='ltr'>illi</span> <span class='ocrx_word' id='word_1_20' title='bbox 1164 319 1206 354; x_wconf 88' lang='lat' dir='ltr'>et</span> <span class='ocrx_word' id='word_1_21' title='bbox 1231 308 1402 355; x_wconf 89' lang='lat' dir='ltr'>servum</span> <span class='ocrx_word' id='word_1_22' title='bbox 1418 342 1433 363; x_wconf 68' lang='lat'><strong>⁹</strong></span> 
     </span>
     <span class='ocr_line' id='line_1_4' title="bbox 149 382 1433 446; baseline -0.008 -13"><span class='ocrx_word' id='word_1_23' title='bbox 149 399 196 434; x_wconf 91' lang='lat' dir='ltr'>et</span> <span class='ocrx_word' id='word_1_24' title='bbox 214 385 376 434; x_wconf 85' lang='lat' dir='ltr'>vestem</span> <span class='ocrx_word' id='word_1_25' title='bbox 394 419 408 442; x_wconf 92' lang='lat'>‚</span> <span class='ocrx_word' id='word_1_26' title='bbox 435 400 479 434; x_wconf 90' lang='lat' dir='ltr'>et</span> <span class='ocrx_word' id='word_1_27' title='bbox 499 388 686 446; x_wconf 44' lang='lat' dir='ltr'>testium,</span> <span class='ocrx_word' id='word_1_28' title='bbox 709 399 752 434; x_wconf 89' lang='lat' dir='ltr'>et</span> <span class='ocrx_word' id='word_1_29' title='bbox 775 386 923 433; x_wconf 86' lang='lat' dir='ltr'>cibum</span> <span class='ocrx_word' id='word_1_30' title='bbox 947 382 1114 438; x_wconf 81' lang='lat' dir='ltr'>deesse;</span> <span class='ocrx_word' id='word_1_31' title='bbox 1133 400 1234 430; x_wconf 89' lang='lat' dir='ltr'>cum</span> <span class='ocrx_word' id='word_1_32' title='bbox 1262 382 1433 444; x_wconf 64' lang='lat' dir='ltr'>sapien-,²</span> 
     </span>
     <span class='ocr_line' id='line_1_5' title="bbox 150 457 1437 526; baseline -0.005 -17"><span class='ocrx_word' id='word_1_33' title='bbox 150 476 242 509; x_wconf 83' lang='lat' dir='ltr'>tem</span> <span class='ocrx_word' id='word_1_34' title='bbox 266 462 450 526; x_wconf 87' lang='lat' dir='ltr'>negastis</span> <span class='ocrx_word' id='word_1_35' title='bbox 470 463 651 510; x_wconf 73' lang='lat' dir='ltr'>insanire</span> <span class='ocrx_word' id='word_1_36' title='bbox 666 498 680 519; x_wconf 89' lang='lat'>‚</span> <span class='ocrx_word' id='word_1_37' title='bbox 707 478 797 507; x_wconf 89' lang='lat' dir='ltr'>non</span> <span class='ocrx_word' id='word_1_38' title='bbox 819 459 980 524; x_wconf 84' lang='lat' dir='ltr'>negatis</span> <span class='ocrx_word' id='word_1_39' title='bbox 999 471 1042 507; x_wconf 89' lang='lat' dir='ltr'>et</span> <span class='ocrx_word' id='word_1_40' title='bbox 1064 457 1268 512; x_wconf 84' lang='lat' dir='ltr'>alienari,</span> <span class='ocrx_word' id='word_1_41' title='bbox 1291 470 1334 504; x_wconf 90' lang='lat' dir='ltr'>et</span> <span class='ocrx_word' id='word_1_42' title='bbox 1359 473 1437 519; x_wconf 86' lang='lat' dir='ltr'>pa-</span> 
     </span>
     <span class='ocr_line' id='line_1_6' title="bbox 150 531 1432 598; baseline -0.003 -18"><span class='ocrx_word' id='word_1_43' title='bbox 150 552 250 581; x_wconf 89' lang='lat' dir='ltr'>rum</span> <span class='ocrx_word' id='word_1_44' title='bbox 281 535 380 582; x_wconf 77' lang='lat' dir='ltr'>sana</span> <span class='ocrx_word' id='word_1_45' title='bbox 396 537 531 585; x_wconf 90' lang='lat' dir='ltr'>verba</span> <span class='ocrx_word' id='word_1_46' title='bbox 549 537 770 593; x_wconf 85' lang='lat' dir='ltr'>emittere,</span> <span class='ocrx_word' id='word_1_47' title='bbox 787 548 830 582; x_wconf 86' lang='lat' dir='ltr'>et</span> <span class='ocrx_word' id='word_1_48' title='bbox 855 533 1072 598; x_wconf 88' lang='lat' dir='ltr'>quidquid</span> <span class='ocrx_word' id='word_1_49' title='bbox 1092 531 1159 579; x_wconf 80' lang='lat' dir='ltr'>vis</span> <span class='ocrx_word' id='word_1_50' title='bbox 1178 531 1326 578; x_wconf 81' lang='lat' dir='ltr'>morbi</span> <span class='ocrx_word' id='word_1_51' title='bbox 1352 547 1432 577; x_wconf 87' lang='lat' dir='ltr'>co·-</span> 
     </span>
     <span class='ocr_line' id='line_1_7' title="bbox 154 605 1435 674; baseline -0.001 -22"><span class='ocrx_word' id='word_1_52' title='bbox 154 607 215 671; x_wconf 85' lang='lat' dir='ltr'>git</span> <span class='ocrx_word' id='word_1_53' title='bbox 234 643 246 665; x_wconf 93' lang='lat'>‚</span> <span class='ocrx_word' id='word_1_54' title='bbox 281 610 466 666; x_wconf 79' lang='lat' dir='ltr'>audere3</span> <span class='ocrx_word' id='word_1_55' title='bbox 498 628 597 657; x_wconf 88' lang='lat' dir='ltr'>cum</span> <span class='ocrx_word' id='word_1_56' title='bbox 631 610 869 674; x_wconf 83' lang='lat' dir='ltr'>sapientem</span> <span class='ocrx_word' id='word_1_57' title='bbox 899 607 1078 671; x_wconf 80' lang='lat' dir='ltr'>negastis</span> <span class='ocrx_word' id='word_1_58' title='bbox 1110 606 1283 653; x_wconf 82' lang='lat' dir='ltr'>servum</span> <span class='ocrx_word' id='word_1_59' title='bbox 1316 605 1435 656; x_wconf 80' lang='lat' dir='ltr'>effe,</span> 
     </span>
     <span class='ocr_line' id='line_1_8' title="bbox 153 678 1443 739; baseline -0.003 -13"><span class='ocrx_word' id='word_1_60' title='bbox 153 680 289 727; x_wconf 90' lang='lat' dir='ltr'>iidem</span> <span class='ocrx_word' id='word_1_61' title='bbox 311 698 402 728; x_wconf 92' lang='lat' dir='ltr'>non</span> <span class='ocrx_word' id='word_1_62' title='bbox 423 683 492 729; x_wconf 88' lang='lat' dir='ltr'>itis</span> <span class='ocrx_word' id='word_1_63' title='bbox 512 682 669 730; x_wconf 75' lang='lat' dir='ltr'>infitias</span> <span class='ocrx_word' id='word_1_64' title='bbox 687 718 699 739; x_wconf 94' lang='lat'>,</span> <span class='ocrx_word' id='word_1_65' title='bbox 723 698 767 729; x_wconf 91' lang='lat' dir='ltr'>et</span> <span class='ocrx_word' id='word_1_66' title='bbox 791 698 954 732; x_wconf 86' lang='lat' dir='ltr'>venum</span> <span class='ocrx_word' id='word_1_67' title='bbox 972 681 1135 726; x_wconf 79' lang='lat' dir='ltr'>iturum</span> <span class='ocrx_word' id='word_1_68' title='bbox 1181 691 1223 725; x_wconf 91' lang='lat' dir='ltr'>et</span> <span class='ocrx_word' id='word_1_69' title='bbox 1244 678 1443 738; x_wconf 43' lang='lat' dir='ltr'>impera*</span> 
     </span>
     <span class='ocr_line' id='line_1_9' title="bbox 151 750 1436 814; baseline -0.003 -14"><span class='ocrx_word' id='word_1_70' title='bbox 151 764 194 800; x_wconf 83' lang='lat' dir='ltr'>ta</span> <span class='ocrx_word' id='word_1_71' title='bbox 230 754 444 803; x_wconf 63' lang='lat' dir='ltr'>fafiurum</span> <span class='ocrx_word' id='word_1_72' title='bbox 470 794 484 814; x_wconf 92' lang='lat'>‚</span> <span class='ocrx_word' id='word_1_73' title='bbox 518 769 562 803; x_wconf 90' lang='lat' dir='ltr'>et</span> <span class='ocrx_word' id='word_1_74' title='bbox 594 756 782 803; x_wconf 89' lang='lat' dir='ltr'>domino</span> <span class='ocrx_word' id='word_1_75' title='bbox 821 755 899 801; x_wconf 90' lang='lat' dir='ltr'>suo</span> <span class='ocrx_word' id='word_1_76' title='bbox 928 753 1100 800; x_wconf 84' lang='lat' dir='ltr'>servilia</span> <span class='ocrx_word' id='word_1_77' title='bbox 1130 750 1436 814; x_wconf 77' lang='lat' dir='ltr'>praestiturum</span> 
     </span>
     <span class='ocr_line' id='line_1_10' title="bbox 154 826 1437 892; baseline -0.002 -17"><span class='ocrx_word' id='word_1_78' title='bbox 154 827 404 879; x_wconf 83' lang='lat' dir='ltr'>ministeria.</span> <span class='ocrx_word' id='word_1_79' title='bbox 430 833 510 888; x_wconf 82' lang='lat' dir='ltr'>Ita,</span> <span class='ocrx_word' id='word_1_80' title='bbox 533 831 697 878; x_wconf 80' lang='lat' dir='ltr'>sublato</span> <span class='ocrx_word' id='word_1_81' title='bbox 714 830 797 878; x_wconf 78' lang='lat' dir='ltr'>alte</span> <span class='ocrx_word' id='word_1_82' title='bbox 816 828 1065 892; x_wconf 83' lang='lat' dir='ltr'>supercili0‚</span> <span class='ocrx_word' id='word_1_83' title='bbox 1083 826 1126 873; x_wconf 88' lang='lat' dir='ltr'>in</span> <span class='ocrx_word' id='word_1_84' title='bbox 1149 826 1301 873; x_wconf 81' lang='lat' dir='ltr'>eadem</span> <span class='ocrx_word' id='word_1_85' title='bbox 1326 840 1437 887; x_wconf 71' lang='lat' dir='ltr'>quae</span> 
     </span>
     <span class='ocr_line' id='line_1_11' title="bbox 153 898 1439 961; baseline -0.002 -14"><span class='ocrx_word' id='word_1_86' title='bbox 153 902 315 960; x_wconf 83' lang='lat' dir='ltr'>ceteri,</span> <span class='ocrx_word' id='word_1_87' title='bbox 348 904 631 961; x_wconf 80' lang='lat' dir='ltr'>descenditis,</span> <span class='ocrx_word' id='word_1_88' title='bbox 661 904 833 952; x_wconf 82' lang='lat' dir='ltr'>mutatis</span> <span class='ocrx_word' id='word_1_89' title='bbox 862 919 1008 948; x_wconf 88' lang='lat' dir='ltr'>rerum</span> <span class='ocrx_word' id='word_1_90' title='bbox 1037 899 1303 946; x_wconf 88' lang='lat' dir='ltr'>nominibus.</span> <span class='ocrx_word' id='word_1_91' title='bbox 1330 898 1439 946; x_wconf 78' lang='lat' dir='ltr'>Tale</span> 
     </span>
     <span class='ocr_line' id='line_1_12' title="bbox 153 972 1440 1040; baseline -0.001 -22"><span class='ocrx_word' id='word_1_92' title='bbox 153 973 302 1036; x_wconf 80' lang='lat' dir='ltr'>itaque</span> <span class='ocrx_word' id='word_1_93' title='bbox 331 977 495 1040; x_wconf 81' lang='lat' dir='ltr'>aliquid</span> <span class='ocrx_word' id='word_1_94' title='bbox 524 991 566 1025; x_wconf 88' lang='lat' dir='ltr'>et</span> <span class='ocrx_word' id='word_1_95' title='bbox 598 979 642 1024; x_wconf 88' lang='lat' dir='ltr'>in</span> <span class='ocrx_word' id='word_1_96' title='bbox 669 980 755 1025; x_wconf 87' lang='lat' dir='ltr'>hoc</span> <span class='ocrx_word' id='word_1_97' title='bbox 783 976 865 1023; x_wconf 84' lang='lat' dir='ltr'>effe</span> <span class='ocrx_word' id='word_1_98' title='bbox 897 974 1118 1037; x_wconf 82' lang='lat' dir='ltr'>suspicor,</span> <span class='ocrx_word' id='word_1_99' title='bbox 1145 972 1267 1035; x_wconf 85' lang='lat' dir='ltr'>quod</span> <span class='ocrx_word' id='word_1_100' title='bbox 1297 973 1440 1034; x_wconf 75' lang='lat' dir='ltr'>prima</span> 
     </span>
     <span class='ocr_line' id='line_1_13' title="bbox 151 1045 1438 1117; baseline -0.002 -22"><span class='ocrx_word' id='word_1_101' title='bbox 151 1047 294 1110; x_wconf 85' lang='lat' dir='ltr'>specie</span> <span class='ocrx_word' id='word_1_102' title='bbox 313 1051 543 1112; x_wconf 86' lang='lat' dir='ltr'>pulchrum</span> <span class='ocrx_word' id='word_1_103' title='bbox 569 1066 699 1117; x_wconf 82' lang='lat' dir='ltr'>atque</span> <span class='ocrx_word' id='word_1_104' title='bbox 718 1048 995 1113; x_wconf 81' lang='lat' dir='ltr'>magnificum</span> <span class='ocrx_word' id='word_1_105' title='bbox 1016 1047 1110 1094; x_wconf 87' lang='lat' dir='ltr'>est·</span> <span class='ocrx_word' id='word_1_106' title='bbox 1132 1064 1212 1093; x_wconf 87' lang='lat' dir='ltr'>nec</span> <span class='ocrx_word' id='word_1_107' title='bbox 1232 1045 1438 1092; x_wconf 87' lang='lat' dir='ltr'>iniuriam</span> 
     </span>
     <span class='ocr_line' id='line_1_14' title="bbox 151 1118 1438 1195; baseline -0.004 -27"><span class='ocrx_word' id='word_1_108' title='bbox 151 1138 236 1169; x_wconf 85' lang='lat' dir='ltr'>nec</span> <span class='ocrx_word' id='word_1_109' title='bbox 265 1125 574 1195; x_wconf 76' lang='lat' dir='ltr'>contumeliam</span> <span class='ocrx_word' id='word_1_110' title='bbox 601 1139 885 1186; x_wconf 85' lang='lat' dir='ltr'>accepturum</span> <span class='ocrx_word' id='word_1_111' title='bbox 912 1121 994 1168; x_wconf 54' lang='lat' dir='ltr'>esre</span> <span class='ocrx_word' id='word_1_112' title='bbox 1023 1119 1276 1182; x_wconf 82' lang='lat' dir='ltr'>sapientem.</span> <span class='ocrx_word' id='word_1_113' title='bbox 1316 1118 1438 1163; x_wconf 89' lang='lat' dir='ltr'>Mul-</span> 
     </span>
     <span class='ocr_line' id='line_1_15' title="bbox 151 1191 1441 1260; baseline -0.002 -19"><span class='ocrx_word' id='word_1_114' title='bbox 151 1209 245 1242; x_wconf 88' lang='lat' dir='ltr'>tum</span> <span class='ocrx_word' id='word_1_115' title='bbox 274 1211 418 1245; x_wconf 85' lang='lat' dir='ltr'>autem</span> <span class='ocrx_word' id='word_1_116' title='bbox 457 1199 658 1254; x_wconf 85' lang='lat' dir='ltr'>interest,</span> <span class='ocrx_word' id='word_1_117' title='bbox 687 1212 835 1247; x_wconf 87' lang='lat' dir='ltr'>utrum</span> <span class='ocrx_word' id='word_1_118' title='bbox 872 1196 1110 1260; x_wconf 83' lang='lat' dir='ltr'>sapientem</span> <span class='ocrx_word' id='word_1_119' title='bbox 1143 1206 1262 1240; x_wconf 78' lang='lat' dir='ltr'>extra</span> <span class='ocrx_word' id='word_1_120' title='bbox 1291 1191 1441 1254; x_wconf 69' lang='lat' dir='ltr'>indig-</span> 
     </span>
     <span class='ocr_line' id='line_1_16' title="bbox 151 1267 1444 1334; baseline -0.002 -19"><span class='ocrx_word' id='word_1_121' title='bbox 151 1270 409 1328; x_wconf 86' lang='lat' dir='ltr'>nationem,</span> <span class='ocrx_word' id='word_1_122' title='bbox 435 1291 490 1318; x_wconf 89' lang='lat' dir='ltr'>an</span> <span class='ocrx_word' id='word_1_123' title='bbox 520 1289 640 1320; x_wconf 72' lang='lat' dir='ltr'>extra</span> <span class='ocrx_word' id='word_1_124' title='bbox 663 1274 865 1321; x_wconf 89' lang='lat' dir='ltr'>iniuriam</span> <span class='ocrx_word' id='word_1_125' title='bbox 894 1287 1042 1334; x_wconf 84' lang='lat' dir='ltr'>ponas</span> <span class='ocrx_word' id='word_1_126' title='bbox 1068 1271 1182 1315; x_wconf 87' lang='lat' dir='ltr'>Nam</span> <span class='ocrx_word' id='word_1_127' title='bbox 1205 1269 1236 1314; x_wconf 88' lang='lat' dir='ltr'><strong>fi</strong></span> <span class='ocrx_word' id='word_1_128' title='bbox 1262 1268 1370 1314; x_wconf 86' lang='lat' dir='ltr'>dicis</span> <span class='ocrx_word' id='word_1_129' title='bbox 1391 1267 1444 1312; x_wconf 81' lang='lat' dir='ltr'>il-</span> 
     </span>
     <span class='ocr_line' id='line_1_17' title="bbox 149 1340 1439 1407; baseline -0.002 -18"><span class='ocrx_word' id='word_1_130' title='bbox 149 1343 246 1391; x_wconf 87' lang='lat' dir='ltr'>lum</span> <span class='ocrx_word' id='word_1_131' title='bbox 275 1360 418 1407; x_wconf 83' lang='lat' dir='ltr'>aequo</span> <span class='ocrx_word' id='word_1_132' title='bbox 446 1345 595 1391; x_wconf 87' lang='lat' dir='ltr'>animo</span> <span class='ocrx_word' id='word_1_133' title='bbox 635 1346 849 1401; x_wconf 82' lang='lat' dir='ltr'>laturum,</span> <span class='ocrx_word' id='word_1_134' title='bbox 886 1345 1056 1389; x_wconf 84' lang='lat' dir='ltr'>nullum</span> <span class='ocrx_word' id='word_1_135' title='bbox 1093 1341 1222 1387; x_wconf 86' lang='lat' dir='ltr'>habet</span> <span class='ocrx_word' id='word_1_136' title='bbox 1255 1340 1439 1402; x_wconf 85' lang='lat' dir='ltr'>privile-</span> 
     </span>
     <span class='ocr_line' id='line_1_18' title="bbox 152 1413 1438 1482; baseline -0.002 -20"><span class='ocrx_word' id='word_1_137' title='bbox 152 1416 289 1479; x_wconf 87' lang='lat' dir='ltr'>gium.</span> <span class='ocrx_word' id='word_1_138' title='bbox 311 1419 497 1482; x_wconf 84' lang='lat' dir='ltr'>contigit</span> <span class='ocrx_word' id='word_1_139' title='bbox 523 1420 584 1465; x_wconf 80' lang='lat' dir='ltr'>illi</span> <span class='ocrx_word' id='word_1_140' title='bbox 612 1437 678 1466; x_wconf 82' lang='lat' dir='ltr'>res</span> <span class='ocrx_word' id='word_1_141' title='bbox 704 1418 923 1482; x_wconf 69' lang='lat' dir='ltr'>vulgaris,</span> <span class='ocrx_word' id='word_1_142' title='bbox 950 1428 993 1463; x_wconf 87' lang='lat' dir='ltr'>et</span> <span class='ocrx_word' id='word_1_143' title='bbox 1023 1432 1134 1479; x_wconf 84' lang='lat' dir='ltr'>quae</span> <span class='ocrx_word' id='word_1_144' title='bbox 1162 1413 1340 1461; x_wconf 84' lang='lat' dir='ltr'>discitur</span> <span class='ocrx_word' id='word_1_145' title='bbox 1363 1413 1438 1476; x_wconf 90' lang='lat' dir='ltr'>ip-</span> 
     </span>
     <span class='ocr_line' id='line_1_19' title="bbox 151 1488 1442 1556; baseline -0.001 -19"><span class='ocrx_word' id='word_1_146' title='bbox 151 1488 196 1537; x_wconf 85' lang='lat' dir='ltr'>sa</span> <span class='ocrx_word' id='word_1_147' title='bbox 220 1489 473 1539; x_wconf 86' lang='lat' dir='ltr'>iniuriarum</span> <span class='ocrx_word' id='word_1_148' title='bbox 504 1494 769 1552; x_wconf 65' lang='lat' dir='ltr'>assiduitate,</span> <span class='ocrx_word' id='word_1_149' title='bbox 796 1490 1014 1556; x_wconf 86' lang='lat' dir='ltr'>patientia.</span> <span class='ocrx_word' id='word_1_150' title='bbox 1056 1490 1100 1535; x_wconf 85' lang='lat' dir='ltr'>Si</span> <span class='ocrx_word' id='word_1_151' title='bbox 1130 1506 1262 1553; x_wconf 81' lang='lat' dir='ltr'>negas</span> <span class='ocrx_word' id='word_1_152' title='bbox 1283 1506 1442 1551; x_wconf 85' lang='lat' dir='ltr'>accep-</span> 
     </span>
     <span class='ocr_line' id='line_1_20' title="bbox 153 1563 1442 1626; baseline -0.002 -15"><span class='ocrx_word' id='word_1_153' title='bbox 153 1575 300 1612; x_wconf 83' lang='lat' dir='ltr'>turum</span> <span class='ocrx_word' id='word_1_154' title='bbox 323 1566 548 1625; x_wconf 86' lang='lat' dir='ltr'>iniuriam,</span> <span class='ocrx_word' id='word_1_155' title='bbox 568 1568 614 1615; x_wconf 91' lang='lat' dir='ltr'>id</span> <span class='ocrx_word' id='word_1_156' title='bbox 641 1568 701 1616; x_wconf 85' lang='lat' dir='ltr'>est</span> <span class='ocrx_word' id='word_1_157' title='bbox 716 1604 731 1626; x_wconf 90' lang='lat'>,</span> <span class='ocrx_word' id='word_1_158' title='bbox 757 1568 979 1615; x_wconf 87' lang='lat' dir='ltr'>neminem</span> <span class='ocrx_word' id='word_1_159' title='bbox 1003 1564 1062 1611; x_wconf 88' lang='lat' dir='ltr'>illi</span> <span class='ocrx_word' id='word_1_160' title='bbox 1086 1576 1356 1611; x_wconf 85' lang='lat' dir='ltr'>tentaturum</span> <span class='ocrx_word' id='word_1_161' title='bbox 1378 1563 1442 1609; x_wconf 75' lang='lat' dir='ltr'>fa-</span> 
     </span>
     <span class='ocr_line' id='line_1_21' title="bbox 154 1637 1444 1707; baseline -0.003 -20"><span class='ocrx_word' id='word_1_162' title='bbox 154 1657 287 1695; x_wconf 82' lang='lat' dir='ltr'>cere3</span> <span class='ocrx_word' id='word_1_163' title='bbox 326 1643 535 1690; x_wconf 89' lang='lat' dir='ltr'>omnibus</span> <span class='ocrx_word' id='word_1_164' title='bbox 569 1643 729 1692; x_wconf 70' lang='lat' dir='ltr'>reliffis</span> <span class='ocrx_word' id='word_1_165' title='bbox 766 1643 988 1707; x_wconf 85' lang='lat' dir='ltr'>negotiis,</span> <span class='ocrx_word' id='word_1_166' title='bbox 1027 1639 1199 1687; x_wconf 86' lang='lat' dir='ltr'>Stoicus</span> <span class='ocrx_word' id='word_1_167' title='bbox 1229 1637 1306 1685; x_wconf 87' lang='lat' dir='ltr'>fio.</span> <span class='ocrx_word' id='word_1_168' title='bbox 1342 1640 1444 1701; x_wconf 80' lang='lat' dir='ltr'>Ego</span> 
     </span>
     <span class='ocr_line' id='line_1_22' title="bbox 153 1712 1437 1781; baseline -0.002 -22"><span class='ocrx_word' id='word_1_169' title='bbox 153 1728 269 1760; x_wconf 88' lang='lat' dir='ltr'>vero</span> <span class='ocrx_word' id='word_1_170' title='bbox 301 1714 533 1778; x_wconf 86' lang='lat' dir='ltr'>sapientem</span> <span class='ocrx_word' id='word_1_171' title='bbox 568 1733 659 1763; x_wconf 90' lang='lat' dir='ltr'>non</span> <span class='ocrx_word' id='word_1_172' title='bbox 691 1715 955 1781; x_wconf 85' lang='lat' dir='ltr'>imaginario</span> <span class='ocrx_word' id='word_1_173' title='bbox 988 1715 1162 1762; x_wconf 81' lang='lat' dir='ltr'>honore</span> <span class='ocrx_word' id='word_1_174' title='bbox 1194 1712 1437 1760; x_wconf 81' lang='lat' dir='ltr'>verborum</span> 
     </span>
     <span class='ocr_line' id='line_1_23' title="bbox 153 1784 1439 1850; baseline -0.002 -19"><span class='ocrx_word' id='word_1_175' title='bbox 153 1801 370 1835; x_wconf 85' lang='lat' dir='ltr'>exornare</span> <span class='ocrx_word' id='word_1_176' title='bbox 393 1788 625 1846; x_wconf 85' lang='lat' dir='ltr'>constitui,</span> <span class='ocrx_word' id='word_1_177' title='bbox 653 1788 726 1836; x_wconf 89' lang='lat' dir='ltr'>sed</span> <span class='ocrx_word' id='word_1_178' title='bbox 757 1805 814 1836; x_wconf 89' lang='lat' dir='ltr'>eo</span> <span class='ocrx_word' id='word_1_179' title='bbox 846 1789 951 1835; x_wconf 89' lang='lat' dir='ltr'>loco</span> <span class='ocrx_word' id='word_1_180' title='bbox 977 1802 1172 1850; x_wconf 86' lang='lat' dir='ltr'>ponere,</span> <span class='ocrx_word' id='word_1_181' title='bbox 1202 1800 1293 1848; x_wconf 88' lang='lat' dir='ltr'>quo</span> <span class='ocrx_word' id='word_1_182' title='bbox 1323 1784 1439 1830; x_wconf 81' lang='lat' dir='ltr'>nulla</span> 
     </span>
     <span class='ocr_line' id='line_1_24' title="bbox 155 1858 1443 1926; baseline -0.002 -21"><span class='ocrx_word' id='word_1_183' title='bbox 155 1860 429 1922; x_wconf 84' lang='lat' dir='ltr'>permittatur</span> <span class='ocrx_word' id='word_1_184' title='bbox 449 1862 620 1909; x_wconf 88' lang='lat' dir='ltr'>iniuria.</span> <span class='ocrx_word' id='word_1_185' title='bbox 641 1862 763 1923; x_wconf 88' lang='lat' dir='ltr'>Quid</span> <span class='ocrx_word' id='word_1_186' title='bbox 779 1862 921 1926; x_wconf 80' lang='lat' dir='ltr'>ergo?</span> <span class='ocrx_word' id='word_1_187' title='bbox 948 1877 1080 1908; x_wconf 86' lang='lat' dir='ltr'>nemo</span> <span class='ocrx_word' id='word_1_188' title='bbox 1101 1860 1183 1907; x_wconf 89' lang='lat' dir='ltr'>erit</span> <span class='ocrx_word' id='word_1_189' title='bbox 1210 1858 1287 1923; x_wconf 84' lang='lat' dir='ltr'>qui</span> <span class='ocrx_word' id='word_1_190' title='bbox 1309 1858 1443 1904; x_wconf 79' lang='lat' dir='ltr'>laces-</span> 
     </span>
     <span class='ocr_line' id='line_1_25' title="bbox 155 1932 1440 1997; baseline -0.003 -14"><span class='ocrx_word' id='word_1_191' title='bbox 155 1932 242 1988; x_wconf 80' lang='lat' dir='ltr'>sat,</span> <span class='ocrx_word' id='word_1_192' title='bbox 273 1934 349 1997; x_wconf 89' lang='lat' dir='ltr'>qui</span> <span class='ocrx_word' id='word_1_193' title='bbox 376 1936 546 1983; x_wconf 83' lang='lat' dir='ltr'>tentet?</span> <span class='ocrx_word' id='word_1_194' title='bbox 580 1936 700 1984; x_wconf 83' lang='lat' dir='ltr'>Nihil</span> <span class='ocrx_word' id='word_1_195' title='bbox 728 1936 774 1983; x_wconf 88' lang='lat' dir='ltr'>in</span> <span class='ocrx_word' id='word_1_196' title='bbox 800 1953 949 1984; x_wconf 84' lang='lat' dir='ltr'>rerum</span> <span class='ocrx_word' id='word_1_197' title='bbox 975 1947 1126 1982; x_wconf 85' lang='lat' dir='ltr'>natura</span> <span class='ocrx_word' id='word_1_198' title='bbox 1154 1945 1243 1979; x_wconf 86' lang='lat' dir='ltr'>tam</span> <span class='ocrx_word' id='word_1_199' title='bbox 1269 1932 1440 1979; x_wconf 78' lang='lat' dir='ltr'>sacrum</span> 
     </span>
     <span class='ocr_line' id='line_1_26' title="bbox 157 2005 1443 2072; baseline -0.001 -20"><span class='ocrx_word' id='word_1_200' title='bbox 157 2006 249 2065; x_wconf 89' lang='lat' dir='ltr'>est,</span> <span class='ocrx_word' id='word_1_201' title='bbox 278 2009 403 2071; x_wconf 88' lang='lat' dir='ltr'>quod</span> <span class='ocrx_word' id='word_1_202' title='bbox 432 2008 685 2072; x_wconf 87' lang='lat' dir='ltr'>sacrilegum</span> <span class='ocrx_word' id='word_1_203' title='bbox 718 2027 811 2056; x_wconf 88' lang='lat' dir='ltr'>non</span> <span class='ocrx_word' id='word_1_204' title='bbox 841 2008 1040 2055; x_wconf 81' lang='lat' dir='ltr'>inveniat</span> <span class='ocrx_word' id='word_1_205' title='bbox 1068 2027 1078 2055; x_wconf 76' lang='grc' dir='ltr'>ε</span> <span class='ocrx_word' id='word_1_206' title='bbox 1114 2007 1186 2055; x_wconf 88' lang='lat' dir='ltr'>sed</span> <span class='ocrx_word' id='word_1_207' title='bbox 1215 2023 1306 2052; x_wconf 91' lang='lat' dir='ltr'>non</span> <span class='ocrx_word' id='word_1_208' title='bbox 1337 2005 1443 2052; x_wconf 81' lang='lat' dir='ltr'>ideo</span> 
     </span>
     <span class='ocr_line' id='line_1_27' title="bbox 157 2079 1445 2144; baseline -0.002 -18"><span class='ocrx_word' id='word_1_209' title='bbox 157 2079 308 2127; x_wconf 80' lang='lat' dir='ltr'>divina</span> <span class='ocrx_word' id='word_1_210' title='bbox 332 2081 472 2129; x_wconf 86' lang='lat' dir='ltr'>minus</span> <span class='ocrx_word' id='word_1_211' title='bbox 496 2082 542 2129; x_wconf 87' lang='lat' dir='ltr'>in</span> <span class='ocrx_word' id='word_1_212' title='bbox 569 2083 744 2130; x_wconf 82' lang='lat' dir='ltr'>sublimi</span> <span class='ocrx_word' id='word_1_213' title='bbox 763 2083 887 2141; x_wconf 89' lang='lat' dir='ltr'>sunt,</span> <span class='ocrx_word' id='word_1_214' title='bbox 909 2081 940 2129; x_wconf 86' lang='lat' dir='ltr'>fi</span> <span class='ocrx_word' id='word_1_215' title='bbox 960 2081 1185 2139; x_wconf 83' lang='lat' dir='ltr'>exsistunt,</span> <span class='ocrx_word' id='word_1_216' title='bbox 1212 2080 1292 2144; x_wconf 88' lang='lat' dir='ltr'>qui</span> <span class='ocrx_word' id='word_1_217' title='bbox 1320 2095 1445 2143; x_wconf 83' lang='lat' dir='ltr'>mag-</span> 
     </span>
     <span class='ocr_line' id='line_1_28' title="bbox 159 2151 1448 2220; baseline 0 -22"><span class='ocrx_word' id='word_1_218' title='bbox 159 2151 404 2201; x_wconf 87' lang='lat' dir='ltr'>nitudinem</span> <span class='ocrx_word' id='word_1_219' title='bbox 421 2190 434 2212; x_wconf 94' lang='lat'>,</span> <span class='ocrx_word' id='word_1_220' title='bbox 460 2155 645 2202; x_wconf 88' lang='lat' dir='ltr'>multum</span> <span class='ocrx_word' id='word_1_221' title='bbox 663 2157 776 2203; x_wconf 87' lang='lat' dir='ltr'>ultra</span> <span class='ocrx_word' id='word_1_222' title='bbox 800 2156 843 2204; x_wconf 91' lang='lat' dir='ltr'>se</span> <span class='ocrx_word' id='word_1_223' title='bbox 863 2156 1047 2220; x_wconf 82' lang='lat' dir='ltr'>positam</span> <span class='ocrx_word' id='word_1_224' title='bbox 1067 2189 1082 2212; x_wconf 90' lang='lat'>‚</span> <span class='ocrx_word' id='word_1_225' title='bbox 1113 2172 1205 2201; x_wconf 89' lang='lat' dir='ltr'>non</span> <span class='ocrx_word' id='word_1_226' title='bbox 1231 2153 1355 2201; x_wconf 59' lang='lat' dir='ltr'>ieiuri</span> <span class='ocrx_word' id='word_1_227' title='bbox 1375 2170 1448 2215; x_wconf 80' lang='lat' dir='ltr'>ap·</span> 
     </span>
     <span class='ocr_line' id='line_1_29' title="bbox 159 2225 1444 2292; baseline 0 -20"><span class='ocrx_word' id='word_1_228' title='bbox 159 2236 323 2288; x_wconf 88' lang='lat' dir='ltr'>petant.</span> <span class='ocrx_word' id='word_1_229' title='bbox 357 2227 676 2275; x_wconf 83' lang='lat' dir='ltr'>lnvulnerabile</span> <span class='ocrx_word' id='word_1_230' title='bbox 697 2227 758 2276; x_wconf 89' lang='lat' dir='ltr'>est</span> <span class='ocrx_word' id='word_1_231' title='bbox 772 2265 787 2285; x_wconf 90' lang='lat'><em>‚</em></span> <span class='ocrx_word' id='word_1_232' title='bbox 812 2245 903 2275; x_wconf 90' lang='lat' dir='ltr'>non</span> <span class='ocrx_word' id='word_1_233' title='bbox 925 2229 1050 2292; x_wconf 89' lang='lat' dir='ltr'>quod</span> <span class='ocrx_word' id='word_1_234' title='bbox 1070 2244 1159 2274; x_wconf 88' lang='lat' dir='ltr'>non</span> <span class='ocrx_word' id='word_1_235' title='bbox 1179 2226 1351 2280; x_wconf 82' lang='lat' dir='ltr'>feritur,</span> <span class='ocrx_word' id='word_1_236' title='bbox 1371 2225 1444 2272; x_wconf 85' lang='lat' dir='ltr'>sed</span> 
     </span>
     <span class='ocr_line' id='line_1_30' title="bbox 162 2299 1444 2363; baseline 0.001 -20"><span class='ocrx_word' id='word_1_237' title='bbox 162 2299 288 2359; x_wconf 86' lang='lat' dir='ltr'>quod</span> <span class='ocrx_word' id='word_1_238' title='bbox 311 2315 403 2346; x_wconf 89' lang='lat' dir='ltr'>non</span> <span class='ocrx_word' id='word_1_239' title='bbox 427 2300 624 2348; x_wconf 86' lang='lat' dir='ltr'>laeditur.</span> <span class='ocrx_word' id='word_1_240' title='bbox 667 2304 733 2348; x_wconf 84' lang='lat' dir='ltr'>Ex</span> <span class='ocrx_word' id='word_1_241' title='bbox 762 2302 844 2350; x_wconf 88' lang='lat' dir='ltr'>hac</span> <span class='ocrx_word' id='word_1_242' title='bbox 868 2300 949 2349; x_wconf 89' lang='lat' dir='ltr'>tibi</span> <span class='ocrx_word' id='word_1_243' title='bbox 972 2312 1079 2348; x_wconf 87' lang='lat' dir='ltr'>nota</span> <span class='ocrx_word' id='word_1_244' title='bbox 1102 2301 1336 2363; x_wconf 86' lang='lat' dir='ltr'>sapientem</span> <span class='ocrx_word' id='word_1_245' title='bbox 1362 2315 1444 2345; x_wconf 75' lang='lat' dir='ltr'>ex·-</span> 
     </span>
     <span class='ocr_line' id='line_1_31' title="bbox 162 2367 1445 2438; baseline 0.004 -25"><span class='ocrx_word' id='word_1_246' title='bbox 162 2367 310 2415; x_wconf 88' lang='lat' dir='ltr'>hibeo.</span> <span class='ocrx_word' id='word_1_247' title='bbox 335 2372 561 2435; x_wconf 89' lang='lat' dir='ltr'>Numquid</span> <span class='ocrx_word' id='word_1_248' title='bbox 580 2372 761 2420; x_wconf 90' lang='lat' dir='ltr'>dubium</span> <span class='ocrx_word' id='word_1_249' title='bbox 780 2373 841 2422; x_wconf 87' lang='lat' dir='ltr'>est</span> <span class='ocrx_word' id='word_1_250' title='bbox 856 2410 869 2432; x_wconf 87' lang='lat'><strong>‚</strong></span> <span class='ocrx_word' id='word_1_251' title='bbox 890 2373 997 2438; x_wconf 90' lang='lat' dir='ltr'>quin</span> <span class='ocrx_word' id='word_1_252' title='bbox 1025 2373 1184 2422; x_wconf 86' lang='lat' dir='ltr'>certius</span> <span class='ocrx_word' id='word_1_253' title='bbox 1209 2373 1348 2420; x_wconf 85' lang='lat' dir='ltr'>robur</span> <span class='ocrx_word' id='word_1_254' title='bbox 1369 2371 1445 2429; x_wconf 83' lang='lat' dir='ltr'>fit,</span> 
     </span>
     <span class='ocr_line' id='line_1_32' title="bbox 160 2443 1448 2519; baseline 0.002 -30"><span class='ocrx_word' id='word_1_255' title='bbox 160 2443 288 2519; x_wconf 64' lang='lat' dir='ltr'>quod</span> <span class='ocrx_word' id='word_1_256' title='bbox 306 2460 399 2498; x_wconf 83' lang='lat' dir='ltr'>non</span> <span class='ocrx_word' id='word_1_257' title='bbox 421 2445 643 2507; x_wconf 76' lang='lat' dir='ltr'>vincitur,</span> <span class='ocrx_word' id='word_1_258' title='bbox 666 2463 798 2513; x_wconf 87' lang='lat' dir='ltr'>quam</span> <span class='ocrx_word' id='word_1_259' title='bbox 819 2447 944 2511; x_wconf 89' lang='lat' dir='ltr'>quod</span> <span class='ocrx_word' id='word_1_260' title='bbox 967 2462 1061 2495; x_wconf 88' lang='lat' dir='ltr'>non</span> <span class='ocrx_word' id='word_1_261' title='bbox 1082 2446 1323 2496; x_wconf 83' lang='lat' dir='ltr'>laceffitur?</span> <span class='ocrx_word' id='word_1_262' title='bbox 1346 2461 1448 2495; x_wconf 82' lang='lat' dir='ltr'>cum</span> 
     </span>
    </p>
   </div>
  </div>
 </body>
</html>
