1741 2919
280 123 796 197 CONSOLA‘HO
839 146 939 196 AD
985 146 1244 194 PQLYB.
1317 145 1406 209 ὥς

120 267 169 304 ut
187 256 453 321 quietiorem
470 257 548 304 sub
573 270 616 305 te
637 268 764 319 agant
790 255 928 302 vitam
953 256 1136 312 exsules,
1160 272 1295 319 quam
1316 271 1404 303 nu-

120 345 199 392 per
222 328 299 375 sub
326 330 441 375 Caio
469 345 599 393 egere
625 327 859 391 principes.
882 349 885 351 ·
907 327 1014 373 Non
1044 329 1293 390 trepidant,
1327 343 1408 374 nec

121 419 202 467 per
231 402 418 467 singulas
446 405 577 450 horas
603 402 796 467 gladium
827 401 1103 465 exspeRant,
1131 421 1212 451 nec
1237 403 1291 449 ad
1309 420 1409 449 om-

120 492 222 525 nem
260 477 439 524 navium
474 476 757 538 conspestum
791 490 967 538 pavent,
1007 477 1088 523 Per
1122 489 1168 524 te
1203 476 1364 523 habent
1391 511 1407 533 ‚

121 562 168 597 ut
191 550 395 599 fortunae
414 549 643 597 saevientis
660 549 871 604 modum,
894 549 950 595 ita
972 548 1097 612 spem>
1114 565 1293 611 quoque
1315 565 1407 596 me-

119 622 244 670 lioris
265 622 481 682 eiusdem,
510 639 561 670 ac
582 621 815 684 praesentis
840 622 1048 686 quietem.
1080 621 1196 668 Scias
1226 621 1328 668 licet
1358 638 1410 668 ea

122 696 299 743 demum
328 694 515 744 fulmina
541 696 627 743 effe
646 695 896 756 iustiffima‚
924 713 1035 761 quae
1062 696 1192 744 etiam
1223 693 1408 760 percuffi

122 768 288 816 colunt·
378 775 381 778 “

186 841 403 889 ΧΧΧΗΙ.
424 843 511 891 Hic
530 843 679 908 itaque
706 845 912 909 princeps
927 880 939 904 ,
959 844 1034 908 qui
1053 843 1287 908 publicum
1308 857 1408 889 om,-

120 914 242 962 nium
273 917 507 965 hominum
529 919 729 966 solatium
753 919 842 975 est,
861 931 936 966 aut
962 936 1033 966 me
1050 919 1202 966 omnia
1231 916 1413 973 fallunt,

119 1001 192 1036 aut
208 990 293 1036 iam
313 991 530 1039 recreavit
557 992 752 1038 animum
772 1006 897 1040 tuum
915 1026 929 1048 ‚
953 1006 996 1040 et
1020 1004 1109 1039 tam
1131 1007 1293 1055 magno
1312 988 1410 1038 vul·

118 1063 214 1108 neri
243 1064 411 1111 maiora
432 1065 627 1112 adhibuit
654 1066 881 1113 remedia:
916 1066 1004 1112 iam
1025 1077 1067 1111 te
1085 1063 1210 1111 omni
1235 1062 1407 1127 confir.-

119 1138 261 1186 mavit
286 1139 426 1186 modo
452 1157 473 1186 z,
494 1140 579 1186 iam
612 1140 763 1186 omnia
790 1139 1021 1203 exempla,
1045 1139 1204 1203 quibus
1229 1140 1283 1186 ad
1314 1136 1407 1184 ani-

119 1210 187 1258 mi
212 1212 476 1276 aequitatem
504 1213 862 1277 compelleretis,
889 1212 1154 1260 tenacissima
1191 1210 1419 1261 memoria

119 1287 294 1334 retulit:
316 1288 403 1335 iam
428 1287 631 1335 omnium
659 1300 889 1352 praecepta
912 1287 1153 1351 sapientum
1177 1288 1336 1334 affueta
1356 1286 1406 1333 fi-

118 1359 165 1408 bi
187 1360 395 1410 facundia
420 1363 644 1427 explicuit„
674 1363 832 1410 Nullus
850 1363 1000 1426 itaque
1024 1362 1180 1409 melius
1199 1363 1273 1409 'nas
1295 1362 1408 1409 allo-2

120 1438 283 1500 quendi
314 1450 459 1501 partes
492 1438 793 1500 occupaverit.
826 1437 942 1483 aliud
972 1437 1195 1484 habebunt
1220 1437 1308 1484 hoc
1333 1436 1414 1484 dia

120 1525 246 1559 cente
277 1514 455 1575 pondus
483 1513 617 1561 verba
634 1549 646 1570 ‚
685 1513 807 1560 velut
834 1513 888 1560 ab
917 1514 1104 1560 oraculo
1135 1511 1273 1559 miss'a.
1301 1528 1406 1559 om-

122 1602 223 1632 nem
253 1586 348 1633 vim
366 1586 533 1634 doloris
561 1587 626 1633 tui
654 1586 806 1633 divina
830 1587 924 1633 eius
950 1586 1193 1633 contundet
1217 1586 1410 1633 aussori¹

122 1673 198 1708 tas.
224 1661 354 1706 Hunc
373 1660 520 1723 itaque
537 1660 615 1706 tibi
636 1673 739 1723 puta
758 1659 902 1707 dicere
924 1678 937 1705 2
956 1661 1061 1706 Non
1083 1674 1125 1707 te
1146 1659 1287 1707 solum
1306 1660 1406 1708 for·=

123 1743 227 1778 tuna
247 1732 449 1779 desumfit
479 1733 584 1789 fibi,
605 1750 738 1797 quem
768 1745 854 1779 tam
877 1732 1000 1796 gravi
1019 1733 1212 1780 afficeret
1236 1732 1417 1783 iniuria0,

123 1806 234 1854 nulla
261 1805 420 1852 domus
444 1807 490 1852 in
507 1819 607 1854 toto
638 1807 747 1853 orbe
774 1817 988 1852 terrarum
1015 1819 1090 1853 aut
1115 1807 1206 1863 est,
1231 1819 1302 1854 aut
1323 1807 1413 1859 fuit

121 1879 207 1927 fine
226 1879 368 1943 alicJua
389 1881 759 1943 comploratione.
786 1882 1003 1928 Transibo
1025 1882 1225 1945 exempla
1252 1884 1406 1948 vulga-

121 1953 182 2001 ria
198 1989 211 2012 ‚
247 1970 359 2017 quae
382 1953 547 2000 etiamst
575 1953 782 2010 minora,
802 1970 949 2003 tamen
978 1955 1091 2001 mira
1117 1956 1214 2004 sunt
1234 1973 1246 2002 t
1267 1958 1321 2002 ad
1342 1957 1409 2003 fa-

124 2025 210 2076 stos,
237 2042 308 2086 te,
337 2038 380 2075 et
402 2027 576 2075 annales
604 2029 840 2091 perducam
875 2029 1097 2092 publicos.
1139 2029 1277 2077 Vides
1306 2043 1406 2078 om-

123 2117 198 2149 nes
227 2102 304 2152 has
323 2100 560 2165 imagines,
590 2118 702 2165 quae
730 2102 975 2165 implevere
1006 2103 1272 2151 Caesareum
1305 2104 1408 2150 atri-

123 2191 197 2220 um
217 2174 235 2221 ?
277 2173 392 2220 nulla
416 2189 508 2219 non
539 2175 692 2221 harum
716 2175 875 2239 aliquo<
898 2174 1080 2222 suorum
1107 2176 1416 2224 incommodo.

123 2247 297 2311 insignis
331 2247 390 2296 est
414 2265 430 2293 z,
456 2266 598 2296 nemo>
617 2266 710 2296 non
734 2267 788 2298 ex
809 2249 899 2297 istis
926 2249 972 2297 in
999 2262 1307 2299 ornamentum
1347 2250 1417 2297 sea

122 2322 324 2368 culorum
356 2321 673 2385 refulgentibus
701 2323 836 2381 viris,
876 2336 952 2370 aut
980 2323 1197 2370 desiderio
1227 2324 1408 2370 suorum

122 2408 267 2442 tortus
292 2394 354 2441 est
385 2428 398 2450 ,
430 2408 553 2442 auta
579 2396 662 2444 suis
687 2414 786 2443 cum
820 2397 1017 2444 maximo
1048 2398 1183 2444 animi
1209 2399 1406 2446 cruciatu

120 2468 383 2519 desideratus
402 2468 474 2518 est.
501 2469 624 2530 Quid
641 2469 720 2519 tibi
742 2470 934 2518 referam
954 2471 1216 2585 Scipffnem
1238 2470 1409 2522 Africa:-

1073 2557 1091 2582 ·.
1128 2553 1151 2600 Ξ,
