1741 2919
260 173 357 232 '138
524 168 575 238 L.
620 165 922 216 ANNAEI
971 169 1333 217 SENECAE

261 277 411 326 decim
430 277 579 326 liberis
606 277 661 325 ad
681 278 796 325 duos
815 277 995 326 fortuna
1014 279 1259 342 redegerat.
1282 278 1327 325 Si
1353 294 1560 328 numera-

261 367 311 398 re
341 350 499 398 funera
544 350 781 398 Corneliae
807 351 967 410 velles,
987 351 1188 398 amiserat
1217 351 1370 399 decem
1391 369 1403 398 ε
1426 351 1457 398 fi
1480 368 1557 398 ae-

261 425 464 483 stimare,
498 424 698 472 amiserat
728 426 974 472 Gracchos.
1005 424 1228 472 Flentibus
1261 437 1411 472 tamen
1444 424 1559 472 circa

260 497 328 553 se,
358 511 403 544 et
432 495 572 544 fatum
600 498 693 544 eius
723 497 1052 544 exsecrantibus
1080 496 1340 556 interdixit,
1370 497 1442 544 Ne
1460 496 1559 544 for—

260 585 415 618 tunam
434 572 712 629 accusarent,
735 587 846 634 quae
866 571 944 617 fibi
968 570 1082 618 filios
1103 572 1333 620 Gracchos
1359 571 1560 619 dedisset.

262 645 328 690 Ex
348 644 427 692 hac
447 644 615 691 femina
643 643 794 691 debuit
822 643 964 700 nasci,
1004 644 1085 708 qui
1108 645 1276 693 diceret
1305 645 1350 692 in
1371 645 1560 693 concio·-

262 735 318 765 ne
342 735 355 765 ε
385 719 458 765 Tu
492 718 621 764 matri
655 734 778 766 meae
806 718 1064 775 maledicas,
1093 735 1208 783 quae
1236 735 1308 765 me
1342 718 1516 783 peperit
1536 718 1561 766 Ξ·

238 851 241 853 ,
260 791 410 846 Multo
424 791 533 838 mihi
548 792 730 839 videtur
743 792 986 838 animosior
1001 808 1095 840 vox
1113 792 1277 838 matris.
1290 792 1419 840 Filius
1437 809 1558 856 mag-

263 879 326 910 no
349 863 602 910 aestimabat
622 864 935 911 Gracchorum
956 864 1145 912 natales:
1165 876 1303 911 mater
1322 875 1365 911 et
1385 863 1555 913 funera.

259 937 425 983 Rutilia
450 937 634 984 Cottam
662 936 802 984 filium
831 938 976 985 secuta
999 937 1061 985 est
1082 938 1127 984 in
1153 936 1351 985 exsilium
1371 973 1385 996 ,
1417 950 1461 984 et
1480 954 1559 986 us-

258 1029 346 1076 que
366 1030 423 1060 eo
442 1012 524 1059 fuit
543 1013 813 1077 indulgentia
832 1012 1061 1061 constricta
1078 1049 1091 1070 ,
1110 1026 1158 1059 ut
1187 1011 1335 1058 mallet
1355 1010 1555 1061 exsilium

259 1087 374 1150 pati,
408 1104 541 1149 quam
568 1087 859 1134 desiderium:
884 1104 965 1135 nec
995 1100 1093 1134 ante
1119 1087 1164 1132 in
1187 1085 1400 1149 patriam,
1418 1103 1556 1151 quam

255 1176 365 1206 cum
394 1158 491 1206 filio
523 1159 668 1206 rediit.
704 1159 906 1207 Eundem
928 1159 1015 1206 iam
1042 1159 1250 1206 reducem
1270 1194 1284 1216 ‚
1312 1170 1355 1204 et
1387 1158 1433 1205 in
1463 1160 1558 1206 Re-

259 1232 437 1296 publica
472 1231 712 1279 florentem
736 1244 824 1278 tam
859 1231 1036 1279 fortiter
1066 1230 1234 1287 amisit,
1265 1246 1399 1293 quam
1432 1230 1559 1279 secu-

260 1318 305 1352 ta
330 1305 392 1353 est
415 1324 425 1353 :
450 1323 533 1354 nec
565 1306 799 1370 quisquam
831 1305 1032 1353 lacrimas
1057 1304 1149 1351 eius
1175 1302 1274 1366 post
1302 1302 1465 1351 elatum
1498 1303 1556 1350 fi-

257 1376 371 1426 lium
393 1378 585 1426 notavit.
614 1382 664 1425 In
681 1377 867 1442 expulso
890 1377 1101 1426 virtutem
1120 1376 1337 1433 ostendit,
1357 1375 1404 1423 in
1420 1376 1554 1424 amis-

258 1452 309 1499 so
329 1452 625 1515 prudentiam.
645 1468 746 1498 nam
766 1465 809 1499 et
831 1450 938 1497 nihil
956 1448 1073 1496 illam
1095 1467 1117 1495 a
1138 1449 1300 1512 pietate
1317 1448 1555 1507 deterruit,

259 1537 307 1573 et
328 1525 437 1572 nihil
454 1524 499 1572 in
512 1523 681 1572 tristitia
695 1525 968 1587 supervacua
985 1521 1198 1586 stultaque
1217 1521 1417 1569 detinuit.
1437 1522 1554 1569 Cum

262 1598 331 1645 his
351 1611 394 1646 te
415 1598 637 1646 numerari
659 1598 834 1646 feminis
853 1598 962 1646 volo
979 1630 993 1653 ,
1015 1614 1201 1661 quarum
1227 1596 1368 1645 vitam
1387 1597 1557 1660 semper

261 1670 435 1719 imitata
461 1688 507 1719 es
538 1689 550 1717 ι
587 1689 741 1719 earum
770 1672 815 1719 in
847 1672 1094 1720 coercenda
1131 1669 1559 1734 comprimendaque

261 1744 538 1809 aegritudine
572 1745 745 1809 optime
779 1744 971 1808 sequeris
1004 1744 1274 1806 exemplum.
1325 1741 1429 1790 Scio
1462 1759 1558 1790 rem

261 1836 358 1867 non
378 1819 463 1866 effe
482 1819 528 1866 in
545 1818 693 1866 nostra
712 1817 927 1882 potestate
943 1853 958 1875 ,
988 1834 1070 1865 nec
1091 1817 1230 1863 ullum
1248 1815 1453 1863 affe&um
1476 1816 1559 1864 ser-

263 1895 392 1943 vire:
414 1894 599 1942 minime
620 1911 733 1943 vero
751 1911 852 1941 eum
873 1929 888 1953 ,
906 1894 984 1957 qui
1004 1910 1061 1939 ex
1078 1892 1235 1939 dolore
1256 1889 1456 1937 nascitur.
1476 1893 1559 1937 Fe-

265 1985 355 2016 rox
379 1968 497 2016 enim
515 2000 529 2024 ,
557 1979 599 2014 et
632 1967 843 2016 adversus
874 1983 1011 2014 omne
1040 1965 1287 2013 remedium
1319 1976 1558 2011 contumax

262 2042 341 2091 est.
364 2044 575 2092 volumus
598 2057 701 2088 eum
730 2041 908 2087 interim
935 2039 1126 2086 obruere
1144 2074 1159 2097 ‚
1177 2049 1221 2085 et
1244 2038 1461 2084 devorare
1479 2053 1558 2100 ge-

262 2119 427 2168 mitus:
449 2135 527 2182 per
546 2117 687 2180 ipsum
711 2127 859 2163 tamen
877 2114 1173 2177 compositum
1196 2112 1435 2175 fictumque
1454 2111 1559 2160 vul·

264 2206 363 2240 tum
394 2192 601 2238 lacrimae
632 2189 977 2254 profunduntur.
1020 2186 1153 2233 Ludis
1179 2184 1358 2231 interim
1377 2199 1452 2232 aut
1469 2184 1561 2248 gla-

264 2267 510 2314 diatoribus
536 2265 732 2312 animum
760 2277 1029 2324 occupamus
1050 2278 1061 2306 ε
1091 2272 1133 2307 at
1157 2260 1278 2306 illum
1300 2260 1415 2306 inter
1435 2258 1523 2321 ipsa
1541 2294 1559 2316 ‚

265 2341 427 2404 quibus
461 2351 708 2396 avocatur,
738 2334 1011 2400 speRacula,
1040 2334 1151 2381 levis
1177 2332 1322 2396 aliqua
1353 2331 1555 2379 desiderii

264 2428 374 2460 nota
404 2413 585 2460 subruit.
611 2413 718 2460 Ideo
742 2410 898 2458 melius
925 2407 988 2456 est
1005 2444 1019 2466 ‚
1047 2408 1167 2454 illum
1188 2407 1392 2464 vincere,
1418 2420 1553 2469 quam

265 2487 429 2539 fallere.
452 2488 569 2535 Nam
586 2487 663 2552 qui
685 2497 758 2534 aut
776 2483 946 2536 delusus
961 2482 1263 2549 voluptatibus
1276 2516 1292 2540 ,
1321 2494 1396 2530 aut
1416 2496 1558 2530 occu-
