1741 2919
258 163 792 215 'CONSOLATIO
833 162 943 212 AD
988 163 1255 214 POLYB.
1337 176 1422 228 155

139 289 213 323 aut
239 274 591 337 speciaculorum
625 275 833 325 varietate
865 274 1066 322 animum
1095 273 1317 330 detinere,
1351 285 1429 320 aut

138 362 219 396 tuo
242 349 424 397 arbitrio
444 351 561 397 diem
588 349 833 412 disponer&
1318 351 1321 354 ’

205 423 375 470 XXVI.
402 424 542 472 Multa
562 424 640 470 tibi
671 439 762 470 non
786 423 947 479 licent,
974 438 1086 486 quae
1107 420 1365 468 humillimis
1385 432 1431 467 et

138 494 186 542 in
207 496 368 560 angulo
386 496 626 544 iacentibus
639 496 785 543 licent.
811 498 973 560 Magna
988 495 1173 544 servitus
1191 493 1252 541 est
1269 530 1282 552 ,
1304 511 1432 557 mag-

137 584 193 613 na
228 567 419 616 fortuna.
466 570 573 615 Non
612 569 715 617 licet
742 567 823 616 tibi
854 570 1096 634 quidquam
1135 569 1320 615 arbitrio
1351 582 1433 614 tuo

139 638 300 688 facere.
319 642 534 689 audienda
559 641 657 689 sunt
683 655 753 690 tot
769 642 1002 689 hominum
1025 641 1183 700 millia,
1202 653 1270 688 tot
1291 640 1435 704 disp0=

140 713 276 761 nendi
302 714 466 772 libelli,
485 726 627 763 tantus
653 732 800 763 rerum
829 734 884 764 ex
911 717 1021 762 orbe
1041 727 1141 762 toto
1172 713 1434 761 coemtium

140 787 373 850 congestus
387 820 401 842 ‚
419 801 467 835 ut
484 788 615 852 poffit
635 807 713 853 per
733 789 936 837 ordinem
961 790 1085 836 suum
1113 787 1326 852 principis
1349 804 1438 833 ma-

139 859 249 906 ximi
275 861 425 908 animo
453 862 633 922 subiici,
655 862 889 927 erigendus
905 874 1006 909 tuus
1025 861 1101 910 est.
1130 862 1237 907 Non
1257 861 1359 908 licet
1378 860 1436 907 ti==

140 931 209 989 bi,
236 933 446 993 inquam,
474 935 582 984 flere
605 954 616 984 t
638 951 686 984 ut
708 937 874 985 multos
899 936 1054 985 fle-ntes
1086 936 1237 983 audire
1270 934 1405 998 'poffis
1421 969 1435 993 ,

141 1017 189 1051 ut
206 1007 572 1067 periclitantium,
594 1025 637 1058 et
655 1011 708 1057 ad
728 1010 1078 1058 misericordiam
1094 1007 1305 1055 mitiffimi
1320 1008 1435 1054 Cae-

141 1078 244 1127 saris
270 1083 506 1143 pervenire
533 1085 807 1147 cupientium
831 1085 1064 1142 lacrimae,
1090 1083 1170 1130 tibi
1195 1095 1293 1129 tuae
1315 1081 1437 1130 affic-

142 1157 308 1204 candae
335 1157 444 1204 sunt.
469 1160 570 1206 Hoc
596 1174 743 1206 tamen
769 1159 899 1206 etiam
923 1175 1015 1205 non
1040 1159 1086 1205 in
1105 1157 1350 1205 levioribus
1375 1172 1438 1202 re·

141 1230 299 1279 mediis
332 1232 571 1280 adiuvabit.
609 1250 709 1280 cum
743 1234 869 1281 vol-es
902 1232 1105 1278 omnium
1136 1246 1284 1278 rerum
1319 1229 1437 1275 obli-

143 1304 289 1364 visci,
319 1307 468 1370 cogita
500 1306 730 1354 Caesarem
758 1325 767 1353 :
795 1306 897 1354 vide
929 1318 1140 1369 quantam
1167 1305 1298 1352 huius
1323 1304 1367 1351 in
1394 1316 1437 1353 te

141 1379 437 1445 indulgentiae
465 1380 625 1440 fidem,
646 1394 856 1445 quantam
879 1381 1137 1428 iudustriam
1164 1380 1335 1427 debeas.
1365 1379 1436 1426 in·-

141 1455 304 1520 telliges
338 1473 430 1503 non
460 1455 599 1520 magis
630 1455 711 1504 tibi
735 1455 962 1502 incurvari
987 1454 1152 1511 licere,
1183 1470 1315 1517 quam
1349 1453 1437 1511 illi,

141 1528 174 1576 fi
194 1531 291 1594 quis
311 1531 452 1578 modo
471 1530 532 1577 est
554 1529 712 1577 fabulis
730 1529 928 1587 traditus,
950 1528 1076 1575 cuius
1094 1527 1288 1574 humeris
1310 1543 1438 1572 mun·

142 1606 224 1653 dus
249 1606 463 1653 innititur.
499 1605 676 1652 Caesari
695 1621 876 1667 quoque
896 1601 995 1665 ipsi,
1017 1603 1088 1650 cui
1107 1603 1258 1649 omnia
1278 1601 1437 1666 licent,

142 1694 329 1743 propter
353 1679 441 1726 hoc
465 1678 608 1742 ipsum
638 1678 772 1724 multa
804 1693 895 1723 non
919 1676 1066 1724 licent.
1101 1675 1321 1723 Omnium
1350 1675 1437 1721 do-

143 1768 244 1800 mos
273 1751 385 1799 illius
408 1752 559 1816 vigilia
593 1750 819 1805 defendit,
846 1749 1050 1795 omnium
1077 1749 1222 1797 otium
1245 1747 1357 1794 illius
1376 1747 1438 1792 la·-

144 1825 255 1882 bor,
281 1826 483 1873 omnium
511 1825 686 1873 delicias
711 1824 823 1871 illius
848 1820 1083 1878 industria,
1117 1821 1319 1867 omnium
1351 1837 1435 1866 va-

143 1900 364 1947 cationem
385 1900 498 1948 illius
518 1898 772 1963 occupatio.
796 1899 859 1943 Ex
879 1911 972 1960 quo
986 1895 1028 1941 se
1047 1893 1205 1941 Caesar
1226 1893 1326 1939 orbi
1346 1906 1436 1939 ter-

143 1990 293 2020 rarum
312 1973 551 2032 dedicavit,
570 1973 647 2019 fibi
668 1971 854 2035 eripuit:
873 1984 917 2016 et
936 1969 1121 2030 siderum
1143 1967 1299 2024 modo,
1321 1983 1437 2030 quae

145 2047 380 2116 irrequieta
399 2049 571 2111 semper
591 2048 736 2096 cursus
749 2046 849 2094 suos
863 2045 1084 2107 explicant
1097 2080 1110 2102 ,
1129 2058 1352 2105 nunquam
1372 2039 1435 2086 illi

145 2120 248 2168 licet
276 2139 359 2170 nec
379 2121 626 2179 subsistere,
646 2138 729 2168 nec
753 2119 995 2183 quidquam
1025 2117 1148 2163 suum
1171 2115 1329 2162 facere.
1359 2113 1432 2160 Ad

142 2196 361 2256 quendam
391 2195 538 2260 itaque
566 2195 750 2242 modum
771 2192 853 2242 tibi
876 2209 1061 2256 quoque
1092 2191 1247 2238 eadem
1281 2188 1434 2235 neces-

142 2267 238 2316 fitas
265 2269 505 2334 iniungitur
527 2289 537 2318 :
570 2287 664 2317 non
687 2270 791 2317 licet
820 2268 902 2316 tibi
931 2267 986 2313 ad
1005 2264 1212 2313 utilitates
1229 2279 1348 2320 tuas,
1377 2262 1432 2309 ad

140 2341 277 2390 studia
303 2355 376 2390 tua
408 2340 637 2407 respicere.
674 2342 861 2390 Caesare
889 2340 1047 2387 orbem
1078 2353 1291 2387 terrarum
1324 2336 1430 2400 pos·-

136 2415 322 2474 fidente,
345 2417 562 2481 impartiri
581 2430 623 2464 te
647 2434 730 2464 nec
750 2413 973 2479 voluptati
989 2446 1002 2468 ‚
1031 2429 1112 2460 nec
1139 2411 1316 2466 dolori,
1346 2427 1428 2458 nec

130 2491 206 2538 ulli
234 2490 308 2538 alii
334 2490 398 2539 rei
432 2503 559 2555 potes
589 2508 601 2539 ι
630 2503 779 2539 totum
801 2501 846 2538 te
880 2487 1058 2537 Caesari
1086 2487 1233 2536 debes.
1266 2485 1422 2534 Adiice
