1741 2919
311 121 427 174 ΞΘ,
514 134 1373 189 ·L.ANNAEISENECAE

309 243 365 294 'ris
391 237 527 294 timor
556 247 689 294 etiam
718 249 1001 301 inertissimos
1031 251 1238 298 excitavit
1272 250 1317 296 in
1349 252 1594 313 proelium?

310 320 394 365 Sed
411 319 474 365 ira
489 355 502 377 ,
526 319 736 378 ebrietas,
762 320 922 379 timor,
943 322 1113 377 aliaque
1134 323 1381 380 eiusmodi,
1406 323 1533 374 foeda
1552 341 1596 372 et

309 392 470 439 caduca
485 392 749 438 irritamenta
761 392 861 440 sunt
877 411 886 437 :
903 410 982 440 nec
1002 395 1208 443 virtutem
1227 396 1464 455 instruunt,
1483 415 1594 461 quae

308 466 416 512 nihil
435 466 552 513 vitiis
571 478 694 530 eget,
714 467 787 514 sed
806 468 980 531 segnem
998 469 1233 534 aliquando
1254 470 1446 517 animum
1463 487 1506 517 et
1524 472 1590 534 ig-

306 554 469 584 navum
486 538 712 600 paululum
729 539 929 587 allevant.
944 542 1091 588 Nemo
1109 542 1333 590 irascendo
1350 541 1399 589 sit
1415 543 1591 602 sortior,

306 608 386 656 nifi
410 611 484 673 qui
503 610 634 658 fortis
648 610 736 658 sine
753 612 816 658 ira
831 630 920 660 non
940 614 1058 661 esset.
1074 619 1132 662 lta
1151 633 1243 662 non
1264 616 1307 662 in
1323 617 1590 664 adiutorium

304 682 479 730 virtutis
495 683 645 742 venit,
674 685 747 731 sed
777 685 821 731 in
848 685 1008 733 vicem.
1037 686 1162 747 Quid
1191 688 1338 751 quod,
1369 688 1397 733 si
1421 689 1589 735 bonum

302 755 408 802 effet
428 756 488 802 ira
507 792 524 814 ,
545 757 899 820 perfectissimum
930 776 1149 823 quemque
1169 760 1444 824 sequeretur?
1467 761 1590 824 atqui

301 828 638 889 iracundiffimi‚
671 832 886 892 infantes,
911 833 1148 897 senesque,
1180 847 1222 881 et
1251 835 1365 898 aegri
1390 836 1513 893 sunt;
1549 847 1594 882 et

299 903 549 951 invalidum
577 920 711 952 omne
736 918 886 952 natura
908 907 1137 969 querulum
1165 906 1238 953 est.

370 982 493 1027 XIV.
515 981 619 1026 Non
647 980 789 1044 potest
803 1017 817 1039 ‚
850 982 995 1045 inquit
1016 979 1346 1043 Theophrastus
1362 1017 1374 1040 ,
1394 980 1518 1040 fieri,
1541 994 1590 1029 ut

300 1052 446 1099 bonus
471 1052 541 1098 vir
567 1068 659 1098 non
683 1051 889 1099 irascatur
912 1052 1050 1100 malis.
1077 1052 1160 1098 Isto
1186 1055 1331 1099 modo
1348 1089 1363 1110 ,
1386 1070 1478 1116 quo
1495 1070 1588 1100 me-

301 1127 388 1174 lior
417 1129 628 1190 quisque,
664 1127 752 1174 hoc
782 1127 1036 1174 iracundior
1058 1127 1172 1174 erit?
1206 1127 1320 1174 Vide
1349 1144 1404 1173 ne
1436 1139 1589 1174 contra

301 1198 518 1263 placidior
534 1236 548 1257 ‚
574 1200 826 1263 solutusque
857 1199 1078 1247 affectibus
1095 1235 1108 1258 ,
1139 1212 1181 1246 et
1209 1199 1282 1246 cui
1317 1216 1451 1246 nemo
1477 1200 1587 1245 odio

301 1275 364 1321 sn.
390 1276 623 1321 Peccantes
642 1291 754 1321 vero
774 1275 879 1337 quid
902 1275 1032 1321 habet
1050 1291 1128 1321 cur
1146 1273 1316 1327 oder-it,
1341 1289 1440 1320 cum
1462 1289 1587 1320 error

298 1348 399 1396 illos
423 1349 468 1395 in
488 1349 744 1411 huiusmodi
773 1350 925 1396 delicta
948 1349 1215 1413 compellat?
1239 1366 1329 1394 non
1353 1348 1412 1395 est
1438 1362 1585 1396 autem

300 1423 551 1486 prudentis,
571 1436 760 1470 errantes
772 1424 910 1470 odiss'e
927 1423 1146 1477 :alioquin
1164 1423 1253 1486 ipse
1267 1422 1344 1468 sibi
1364 1423 1473 1468 odio
1491 1423 1586 1473 erit.

301 1496 483 1558 Cogitet
508 1513 641 1549 quam
674 1497 809 1543 multa
839 1509 993 1543 contra
1021 1497 1191 1542 bonum
1221 1513 1394 1542 rnorem
1426 1496 1584 1555 faciat,

299 1585 431 1632 quam
453 1569 587 1616 multa
604 1587 658 1616 ex
675 1570 740 1616 his
759 1586 871 1631 quae
889 1570 980 1634 egit
993 1605 1007 1628 ‚
1028 1569 1202 1616 veniam
1223 1569 1474 1616 desiderent.
1492 1571 1583 1617 Iam

297 1643 504 1692 irascetur
522 1646 651 1693 etiam
677 1645 766 1692 fibi.
788 1646 945 1707 Neque
964 1644 1082 1691 enim
1111 1660 1274 1708 aequus
1298 1643 1429 1691 iudex
1453 1645 1581 1692 aliam

300 1718 354 1773 de
374 1719 444 1765 sua
459 1755 472 1775 ‚
488 1719 615 1766 aliam
635 1721 688 1766 de
702 1719 839 1767 aliena
854 1720 975 1767 causa
985 1755 998 1777 ,
1016 1720 1272 1766 sententiam
1286 1718 1384 1766 fert.
1401 1720 1550 1767 Nemo
1563 1755 1580 1779 ‚

294 1793 497 1858 inquam,
519 1795 770 1852 invenitur,
789 1796 865 1859 qui
886 1795 926 1843 se
944 1795 1075 1857 poffit
1089 1795 1316 1841 absolvere
1345 1812 1355 1841 :
1381 1807 1424 1840 et
1444 1795 1579 1840 inno-

292 1881 466 1915 centem
487 1863 673 1932 quisque
697 1868 737 1916 se
756 1869 863 1916 dicit
877 1905 893 1927 ,
906 1868 1139 1931 respiciens
1158 1866 1330 1924 testem,
1352 1883 1444 1913 non
1462 1884 1575 1914 con-

289 1939 530 1988 scientiam.
558 1944 742 2002 Quanto
767 1940 995 1988 humanius
1009 1977 1022 1999 ‚
1043 1940 1194 1987 mitem
1215 1953 1259 1985 et
1276 1938 1462 2003 patrium
1483 1938 1575 1985 ani·

288 2031 410 2062 mum
439 2016 655 2078 praestare
683 2015 964 2078 peccantibus
982 2052 995 2073 ,
1020 2029 1063 2062 et
1091 2015 1189 2061 illos
1220 2017 1311 2061 non
1343 2012 1576 2076 persequi,

288 2088 359 2134 sed
379 2090 625 2136 revocare?
657 2093 885 2136 Errantem
915 2106 992 2152 per
1020 2104 1149 2151 agros
1176 2086 1421 2150 ignorantia
1441 2086 1570 2139 viae,

285 2162 445 2208 melius
465 2162 526 2208 est
544 2163 598 2208 ad
619 2164 785 2210 renum
805 2164 888 2212 iter
904 2164 1145 2210 admovere
1158 2197 1172 2220 ‚
1191 2177 1319 2220 quam
1341 2159 1574 2220 expellere.

286 2234 588 2298 Corrigendus
614 2235 675 2282 est
698 2237 844 2299 itaque
864 2235 938 2297 qui
967 2245 1119 2297 peccat
1130 2270 1146 2291 ,
1175 2248 1219 2279 et
1236 2232 1540 2280 admonitione
1555 2267 1570 2289 ‚

284 2320 329 2354 et
345 2308 417 2362 vi,
439 2320 480 2354 et
497 2309 713 2367 molliter,
732 2320 775 2355 et
788 2308 959 2370 aspere:
977 2307 1223 2370 meliorque
1241 2320 1328 2352 tarn
1344 2306 1420 2352 fibi
1437 2325 1567 2370 quam

283 2379 375 2425 aliis
404 2379 626 2427 faciendus
646 2415 660 2438 ‚
697 2397 787 2427 non
818 2380 905 2427 fine
937 2379 1245 2444 castigatione,
1274 2380 1346 2427 sed
1375 2378 1462 2427 sine
1491 2377 1567 2427 ira.

284 2452 397 2512 Quis
416 2454 533 2500 enim
552 2454 622 2502 cui
646 2454 847 2502 medetur
867 2489 881 2513 ,
895 2453 1086 2502 irascitur
1104 2453 1123 2500 ἒ*
