1741 2919
316 108 768 161 CONSOLATIO‘
805 112 897 184 Al)
934 115 1276 164 MARCIAM.
1303 128 1323 129 ”
1350 135 1433 180 ¹91

147 214 419 271 ,imbecillum
445 238 606 285 corpus
622 257 635 277 ,
656 235 699 268 et
720 220 871 283 fragile
888 257 901 279 ‚
920 222 1087 268 nudum
1108 259 1121 281 ‚
1141 221 1289 286 suapte
1307 238 1436 270 natu·

153 309 201 338 ra
222 293 414 352 inerme,
437 295 602 341 alienae
623 294 721 356 opis
743 294 941 358 indigens
958 331 972 353 ,
1001 295 1055 341 ad
1080 312 1260 343 omnem
1286 296 1434 344 ⁴fortu-

154 383 235 413 nae
253 369 565 414 contumeliam
593 367 836 430 proieflum
857 385 867 413 τ
889 385 986 414 cum
1010 370 1119 416 bene
1142 370 1324 417 lacertos
1353 388 1434 418 ex-

153 440 318 498 ercuit,
341 441 567 489 cuiuslibet
588 440 702 486 ferae
723 440 929 503 pabulum
945 479 959 500 ‚
980 442 1208 490 cuiuslibet
1231 444 1433 502 viffima,

152 531 206 561 ex
237 513 424 562 infirmis
451 515 682 578 fluidisque
709 528 967 562 contextum
983 551 995 573 ,
1016 531 1058 562 et
1074 515 1345 564 lineamentis
1363 535 1439 564 ex-

153 587 389 635 terioribus
419 589 634 645 nitidum,
669 587 878 650 frigoris,
909 575 1071 648 aestus,
1102 589 1265 636 laboris
1294 589 1440 654 impa-

152 661 292 708 tiens:
313 661 409 724 ipso
440 663 583 709 rursus
611 661 690 708 fitu
710 674 753 709 et
774 662 870 709 otio
902 661 1070 710 iturum
1104 663 1149 709 in
1169 663 1340 720 tabem,
1360 666 1439 712 ali-

151 746 299 781 menta
327 748 528 783 metuens
562 735 657 794 sua,
692 752 884 799 quorum
913 737 1052 782 modo
1082 735 1264 799 inopia,
1293 739 1438 785 modo

151 807 280 869 copia
311 809 558 871 rumpitur:
580 808 734 854 anxiae
760 808 1040 871 solicitaeque
1070 809 1254 866 tutelae,
1284 826 1439 872 preca-

149 879 204 926 rii
233 879 403 942 spiritus
420 916 433 938 ‚
454 895 496 927 et
515 880 625 927 male
651 879 867 926 haerentis
885 916 899 938 ,
920 897 1052 943 quem
1074 897 1219 943 pavor
1245 883 1438 944 repenti—

150 969 233 998 nus
264 953 511 1000 adiectusve
545 971 600 1000 ex
633 952 883 1015 improviso
920 953 1051 1020 sonus
1083 954 1257 1001 auribus
1291 957 1437 1018 gravis

148 1025 344 1071 excutit:
374 1025 454 1071 soli
482 1026 652 1089 semper
686 1024 763 1071 fibi
794 1025 1113 1071 nutrimentum
1148 1025 1357 1073 vitiosum
1390 1043 1436 1076 et

149 1097 314 1145 inutile.
349 1099 565 1146 Miramur
584 1100 629 1145 in
649 1099 736 1146 hoc
767 1112 959 1145 mortem
987 1098 1143 1156 unius,
1173 1116 1260 1162 qua
1291 1099 1434 1163 fingu-

148 1171 201 1218 lis
226 1187 339 1234 opus
359 1171 450 1219 est?
474 1171 704 1236 Numquid
729 1171 849 1218 enim
868 1183 914 1218 ut
934 1171 1139 1219 concidat
1155 1207 1167 1229 ‚
1186 1188 1254 1218 res
1282 1174 1432 1237 magni

149 1247 398 1295 molimenti
429 1248 490 1295 est
510 1249 527 1295 ?
563 1248 694 1295 Odor
714 1246 773 1292 illi
800 1246 1016 1309 saporque
1034 1282 1048 1304 ‚
1069 1258 1113 1293 et
1132 1246 1333 1294 laffitudo
1348 1284 1361 1305 ‚
1389 1265 1435 1296 et

149 1321 324 1385 vigilia,
357 1333 400 1368 et
425 1322 617 1379 humor,
643 1333 687 1368 et
716 1320 869 1378 cibus,
900 1332 943 1367 et
967 1319 1054 1367 fine
1085 1319 1246 1383 quibus
1280 1320 1434 1368 vivere

148 1411 240 1440 non
266 1394 431 1456 potest,
465 1392 696 1441 mortifera
731 1391 841 1438 sunt.
871 1394 1158 1456 Quocunque
1188 1393 1229 1439 se
1250 1409 1435 1453 movet,

146 1467 411 1515 infirmitatis
429 1468 528 1514 suae
548 1465 691 1514 statim
713 1464 940 1513 conscium
957 1501 970 1524 ,
987 1484 1079 1512 non
1101 1484 1236 1514 omne
1258 1459 1433 1514 coelum

148 1539 314 1596 ferens,
330 1558 540 1604 aquarum
560 1539 855 1596 novitatibus,
877 1538 1072 1602 flatuque
1093 1555 1184 1586 non
1205 1538 1435 1589 familiaris

146 1632 304 1673 aurae,
325 1630 368 1663 et
387 1614 647 1663 tenuiffimis
669 1613 801 1661 caufis
824 1626 954 1678 atque
974 1613 1290 1661 offensionibus
1310 1632 1434 1662 mor-

146 1687 326 1745 bidum,
355 1692 509 1750 putre,
539 1687 780 1733 causarium
798 1722 811 1744 ‚
841 1686 950 1734 fletu
970 1687 1107 1734 vitam
1138 1687 1434 1749 auspicatum:

146 1778 248 1808 cum
281 1762 454 1808 interim
480 1777 670 1823 quantos
689 1761 901 1807 tumultus
923 1761 1012 1806 hoc
1039 1776 1127 1807 tam
1156 1773 1432 1809 contemtum

145 1837 303 1884 animal
321 1836 510 1883 movet?
533 1835 578 1882 in
604 1847 786 1899 quantas
810 1835 1102 1898 cogitationes
1122 1834 1308 1880 oblitum
1329 1852 1436 1882 con-

146 1909 326 1957 ditionis
345 1910 443 1957 suae
461 1910 619 1958 venit?
645 1909 936 1966 Immortalia,
961 1923 1134 1954 aeterna
1152 1908 1325 1974 volutat
1345 1910 1436 1956 ani-

145 1999 250 2041 mo,
269 1996 314 2029 et
333 1982 377 2029 in
404 1995 586 2045 nepotes
615 1994 976 2045 pronepotesque
1001 1979 1195 2043 disponit
1214 1998 1223 2026 :
1244 1997 1343 2027 cum
1366 1982 1435 2028 in-

144 2057 272 2103 terim
301 2056 433 2120 longa
461 2068 694 2102 conantem
720 2072 821 2102 eum
852 2071 972 2100 mors
1003 2053 1219 2116 opprimit
1240 2071 1250 2098 :
1271 2066 1316 2099 et
1345 2055 1435 2102 hoc

145 2132 273 2194 quod
297 2131 489 2179 senectus
518 2146 706 2179 vocatur
724 2168 739 2190 ‚
771 2131 900 2195 pauci
929 2130 1026 2177 sunt
1057 2128 1262 2176 circuitus
1290 2145 1436 2181 annor

148 2219 265 2250 rum.

211 2277 311 2322 ΧΠ.
337 2276 489 2324 Dolor
515 2288 618 2323 tuus
634 2313 647 2335 ‚
670 2292 701 2323 o
731 2275 924 2333 Marcia,
948 2273 978 2320 fi
1004 2273 1143 2319 modo
1168 2271 1229 2319 illi
1255 2271 1340 2318 ulla
1366 2288 1436 2318 ra-

145 2348 212 2395 tio
237 2347 297 2394 est
313 2383 326 2406 ,
355 2361 502 2395 utrum
533 2350 606 2395 sua
631 2349 793 2412 spectat
818 2348 1134 2402 incommoda,
1161 2356 1213 2391 a‘n
1246 2344 1338 2393 eius
1357 2346 1436 2409 qui

144 2419 356 2469 deceffit?
384 2423 603 2471 Utrumne
634 2421 791 2469 amiffo
818 2420 911 2468 filio
943 2431 1126 2479 movet,
1152 2417 1274 2484 quod
1296 2417 1438 2483 nullas¹
1474 2430 1481 2438 ·
