1741 2919
297 161 391 211 230
554 148 601 194 L.
645 144 938 194 ΑΝΝΑΕΙ
979 143 1325 194 SENECAE

296 255 478 303 minian}
507 266 549 302 et
575 253 828 313 infamiam,
855 254 1097 318 odiumque
1117 254 1330 316 populare
1346 287 1360 308 ,
1382 253 1584 301 constanJ

296 330 382 376 tiae
410 318 592 386 habeam,
615 326 645 373 fi
672 328 785 375 inter
817 327 985 390 plausus
1015 327 1229 374 senescis?
1253 327 1282 372 fi
1300 338 1341 372 te
1368 327 1583 388 inexpug-

298 400 479 456 nabilis,
503 413 545 446 et
568 400 853 463 inclinatione
877 400 1067 463 quadam
1093 400 1306 446 mentium
1329 415 1492 462 pronus
1511 397 1580 442 fa-

300 490 386 520 vor
406 472 627 537 sequitur?
654 474 785 521 Unde
812 473 902 520 scio
917 506 931 529 ‚
947 490 1076 537 quam
1097 488 1241 535 aequo
1257 472 1405 518 animo
1426 471 1589 516 laturus

297 546 351 592 fis
377 546 638 604 orbitatem,
659 546 712 605 fi,
736 563 1023 610 quoscunque
1057 545 1277 604 sustulisti,
1305 547 1457 592 vides?
1495 549 1590 591 Au-

300 619 396 666 divi
415 633 458 667 te
488 637 592 667 cum
610 619 718 667 alios
747 620 1036 667 consolareris
1065 633 1201 667 :tunc
1237 618 1553 683 conspexissem
1575 653 1593 678 ,

300 692 330 737 fi
359 706 401 738 te
420 692 509 755 ipse
533 694 782 742 consolatus
805 693 912 741 effes
929 726 943 750 ‚
969 693 1000 739 fi
1020 706 1061 741 te
1084 693 1173 757 ipse
1198 694 1348 740 dolere
1376 691 1593 740 vetuisses,

301 764 476 822 Nolite,
503 765 691 814 obsecro
710 782 824 824 vos,
847 765 1138 830 expavescere
1165 765 1268 823 ista,
1286 781 1397 828 quae
1422 764 1482 810 dii
1506 764 1591 809 im-

301 839 510 886 mortales
540 840 665 886 velut
689 839 885 887 stimulos
917 840 1163 886 admovent
1194 837 1360 884 animis.
1396 835 1591 883 Calami-

301 925 392 967 tas,
411 911 589 959 virtutis
606 911 780 959 occasio
800 912 874 960 est.
901 912 1001 959 lllos
1022 911 1182 958 merito
1207 909 1305 974 quis
1326 909 1482 956 dixerit
1506 908 1590 954 mi—

303 984 450 1042 seros,
477 986 551 1049 qui
577 985 710 1032 nimia
736 986 943 1034 felicitate
971 985 1252 1048 torpescunt,
1269 999 1383 1047 quos
1402 982 1522 1029 velut
1541 981 1587 1027 in

304 1058 415 1104 mari
447 1058 571 1106 lento
598 1059 887 1122 tranquillitas
917 1060 1034 1106 iners
1070 1058 1247 1105 detinet.
1278 1055 1509 1119 Quidquid
1536 1055 1589 1100 il-

303 1129 357 1177 lis
381 1130 614 1187 inciderit,
637 1149 809 1180 novum
839 1131 1000 1179 veniet.
1027 1131 1164 1196 magis
1193 1143 1349 1195 urgent
1377 1130 1501 1176 saeva
1522 1129 1592 1175 in-

304 1217 523 1267 expertos.
552 1222 687 1268 grave
719 1206 780 1253 est
805 1207 925 1252 ferae
961 1205 1125 1252 cervici
1153 1205 1319 1269 iugum.
1357 1204 1426 1249 Ad
1454 1202 1593 1265 suspi-

306 1276 487 1324 cionem
518 1278 713 1325 vulneris
746 1278 834 1325 tiro
866 1277 1088 1341 pallescitt
1117 1277 1338 1325 audaciter
1362 1288 1594 1323 veteranus

305 1366 513 1397 cruorem
543 1350 665 1398 suum
690 1351 874 1414 spectat,
893 1350 969 1415 qui
989 1351 1066 1399 scit
1095 1350 1136 1398 se
1159 1350 1283 1413 saepe
1313 1348 1462 1398 vicisse
1492 1348 1590 1411 post

309 1420 575 1485 sanguinem.
617 1425 713 1471 Hos
742 1424 888 1488 itaque
921 1426 1044 1471 Deus
1064 1460 1077 1482 ,
1106 1440 1219 1488 quos
1259 1423 1447 1485 probat,
1477 1437 1590 1485 quos

307 1509 446 1552 amat,
464 1494 663 1554 indurat,
687 1497 991 1561 recognoscit,
1013 1507 1202 1544 exercet.
1222 1509 1300 1539 eos
1319 1505 1461 1539 autem
1488 1494 1591 1557 qui·

307 1569 390 1616 bus
416 1568 641 1632 indulgere
666 1569 867 1625 videtur,
893 1568 1051 1631 quibus
1075 1581 1277 1626 parcere,
1299 1566 1457 1613 molles
1481 1583 1592 1613 ven·

309 1641 416 1689 turis
434 1642 554 1689 malis
578 1642 730 1690 servat.
749 1635 911 1688 Erratis
926 1635 1042 1683 enim
1056 1669 1071 1692 ‚
1097 1638 1128 1683 fi
1146 1655 1278 1701 quem
1298 1638 1497 1687 iudicatis
1514 1655 1591 1686 ex·

309 1728 487 1776 ceptum
518 1731 530 1759 :
558 1710 719 1754 veniet·
743 1709 796 1754 ad
835 1709 958 1754 illum
993 1709 1067 1755 diu
1106 1709 1279 1756 felicem
1315 1709 1387 1756 sua
1421 1709 1590 1773 portio.

311 1781 527 1842 Quisquis
564 1779 740 1827 videtur
771 1780 964 1847 dimiffus
994 1782 1108 1840 effe,
1136 1783 1290 1831 dilatus
1321 1784 1394 1830 est.
1440 1786 1592 1845 Quare

310 1854 438 1902 Deus
462 1852 684 1915 optimum
711 1870 931 1917 quemque
963 1867 1036 1900 aut
1072 1854 1184 1901 mala
1212 1855 1490 1913 valetudine,
1517 1870 1592 1902 aut

309 1925 402 1971 aliis
430 1925 757 1983 incommodis,
785 1925 942 1972 afficit?
982 1929 1132 1986 Quare
1160 1927 1205 1974 in
1232 1927 1379 1974 castris
1407 1942 1589 1990 quoque

309 1998 554 2062 periculosa
585 1998 826 2046 fortiffimis
859 1999 1161 2062 imperantur?
1198 2002 1307 2048 Dux
1341 2000 1590 2048 leffiffimos

308 2072 470 2128 mittit,
505 2070 580 2134 qui
615 2073 841 2120 nofihunis
874 2073 1021 2122 hostes
1056 2075 1359 2138 aggrediantur
1400 2072 1593 2131 insidiis,

308 2159 384 2194 aut
420 2146 653 2209 explorent
684 2149 795 2206 iter,
827 2161 900 2196 aut
930 2149 1194 2213 praefidium
1230 2150 1336 2197 loco
1371 2148 1590 2196 deiiciant.

309 2220 459 2266 Nemo
478 2233 643 2265 eorum
662 2220 737 2281 qui
756 2232 947 2277 exeunt,
973 2220 1103 2277 dicit,
1133 2222 1248 2269 Male
1274 2223 1329 2270 de
1353 2239 1424 2268 me
1447 2222 1591 2284 impe-

311 2304 430 2338 :rator
454 2291 613 2338 meruit
633 2310 644 2339 :
668 2293 761 2352 sed,
782 2296 898 2340 Bene
925 2295 1151 2344 iudicavit.
1178 2297 1298 2344 Idem
1326 2296 1472 2343 dicant
1490 2294 1590 2358 qui·

312 2378 486 2425 cunque
527 2363 731 2412 iubentur
765 2368 853 2428 pati
886 2367 1051 2414 timidis
1084 2368 1344 2433 ignavisque
1385 2367 1546 2416 flebilia
1572 2383 1587 2413 ε

312 2437 455 2501 Digni
480 2437 558 2488 vifi
581 2439 729 2488 sumus
745 2442 878 2502 Deo,
891 2440 937 2489 in
956 2442 1114 2507 quibus
1137 2443 1407 2508 experiretur
1421 2477 1436 2505 ‚
1456 2457 1588 2507 quan-⁴
