1741 2919
502 150 786 204 DE1RA
841 154 1105 205 uniit.
1379 173 1439 223 97

149 281 198 316 re
225 265 427 331 potuisse.
463 267 602 314 Dedit
627 266 737 313 mihi
765 271 1038 329 praeturam?
1066 267 1139 313 sed
1165 266 1442 314 consulatum

151 342 447 406 speraveram.
474 342 615 389 Dedit
648 342 888 388 duodecim
916 341 1083 388 fasces?
1114 341 1187 388 sed
1218 359 1309 389 non
1338 338 1445 389 fecit

153 416 427 463 ordinarium
447 416 685 463 consulem,
704 420 740 461 A
761 434 831 464 nie
847 417 1067 463 numerari
1085 417 1233 463 voluit
1249 416 1444 463 annum?

156 488 233 537 sed
264 489 382 537 deest
410 489 519 536 mihi
543 491 598 537 ad
630 490 940 536 sacerdotium.
959 491 1208 553 Cooptatus
1230 490 1276 536 in
1303 491 1447 537 colle-

153 561 277 627 gium
299 562 427 609 sum?
449 562 519 609 sed
542 580 620 609 cur
640 562 685 608 in
706 580 839 609 unum
858 563 875 610 Ρ
899 563 1240 610 Consummavit
1261 563 1450 627 dignita*⁵

156 648 250 684 tem
280 635 459 683 meam?
482 636 554 683 sed
582 637 853 698 patrimonio
880 637 987 684 nihil
1016 638 1216 685 contulit.
1242 639 1302 683 Ea
1329 637 1450 685 dedit

156 709 297 768 mihi,
318 726 431 772 quae
451 709 639 757 debebat
658 711 792 758 alicui
812 711 927 757 dare.
946 712 1000 757 de
1021 711 1098 757 suo
1119 710 1222 756 nihil
1247 710 1450 774 protulit&

156 785 253 846 Age
284 782 430 845 potius
460 783 619 847 gratias
657 801 741 846 pro
775 784 839 830 his
877 800 988 847 quae
1016 784 1254 847 accepisti:
1280 784 1451 848 reliqua

158 855 356 918 exspefla
370 891 384 914 ‚
401 870 444 903 et
465 857 665 903 nondum
686 858 865 920 plenum
884 870 928 903 te
947 856 1032 903 effe
1060 858 1210 921 gaude.
1232 859 1348 903 Inter
1367 874 1456 904 vo«-

159 925 350 994 luptates
374 929 463 990 est,
492 932 710 994 superesse
740 931 860 994 quod
889 931 1044 993 speres.
1079 934 1251 980 Omnes
1278 932 1456 979 vicisti?

133 1015 136 1019 ’
162 1004 357 1068 primum
385 1017 428 1052 te
453 1004 538 1052 effe
562 1005 606 1051 in
636 1005 786 1051 animo
811 1005 940 1052 amici
964 1006 1028 1052 tui
1057 1006 1230 1053 laetarer
1256 1007 1385 1053 multi
1415 1019 1459 1053 te

163 1073 381 1124 vincunt?
402 1079 628 1125 considera
643 1115 657 1138 ,
677 1094 844 1142 quanto
871 1079 1100 1125 antecedas
1123 1078 1269 1141 plures
1284 1115 1297 1138 ‚
1324 1095 1460 1143 quam

164 1147 370 1213 sequaris.
1108 1148 1111 1151 ’

231 1222 431 1269 XXXII.
450 1222 590 1284 Quod
605 1223 653 1270 sit
674 1224 718 1270 in
737 1236 780 1272 te
798 1220 1039 1272 maximum
1059 1220 1217 1273 *vitium
1230 1262 1243 1284 ‚a
1257 1226 1464 1288 quaeris?

166 1293 292 1342 falsas
306 1296 495 1343 rationes
513 1294 718 1344 conficis:
741 1298 838 1344 clara
860 1315 1021 1361 magno
1041 1298 1236 1345 aestimas
1251 1336 1262 1354 ‚
1282 1312 1466 1363 accepta

170 1385 328 1432 parvo.
351 1370 484 1416 Aliud
502 1369 547 1416 in
566 1370 653 1416 alio
675 1387 757 1417 nos
774 1371 1003 1418 deterreat⁶
1022 1371 1282 1434 quibusdam
1304 1373 1467 1419 timea-

170 1457 270 1488 mus
296 1440 444 1501 irasci,
468 1442 732 1506 quibusdam
763 1461 1024 1499 vereamur,
1057 1446 1315 1508 quibusdam
1347 1445 1467 1492 fasti-

172 1514 358 1562 diamus.
381 1517 587 1581 Magnam
609 1533 701 1564 rem
724 1516 812 1564 sine
833 1518 969 1563 dubio
990 1518 1250 1575 fecerimus,
1267 1519 1296 1564 si
1318 1519 1469 1566 servu*

171 1587 265 1636 lum
291 1587 513 1636 infelicem
532 1589 578 1635 in
597 1589 858 1653 ergastulum
887 1590 1144 1637 miserimus.
1163 1592 1286 1651 Quid
1306 1609 1471 1655 prope-

173 1677 322 1708 ramus
351 1661 590 1708 verberare
624 1661 794 1719 statim,
828 1679 953 1708 crura
994 1664 1198 1725 protinus
1231 1662 1469 1727 frangere?

175 1752 272 1783 non
291 1736 451 1800 peribit
467 1736 656 1800 potestas
677 1736 751 1783 ista
768 1773 780 1793 ‚
800 1736 829 1782 fi
849 1735 1090 1782 differetur.
1110 1736 1211 1783 Sine
1230 1736 1275 1782 id
1296 1750 1471 1802 tempus

176 1809 355 1868 veniat,
391 1826 486 1874 quo
516 1810 594 1874 ipsi
623 1809 851 1857 iubeamus
880 1828 890 1856 ε
918 1826 1034 1857 nunc
1062 1826 1117 1856 ex
1151 1810 1345 1872 imperio
1379 1813 1473 1861 irae

176 1879 420 1948 loquimur.
446 1900 549 1930 cum
577 1882 649 1930 illa
679 1884 862 1942 abierit,
889 1895 994 1931 ‘tunc
1021 1883 1295 1941 videbimus,
1322 1886 1473 1949 quanti

179 1959 232 2007 sit
251 1958 328 2006 ista
345 1959 398 2006 lis
415 1957 691 2006 aestimanda.
708 1963 754 2005 In
772 1959 860 2006 hoc
877 1959 993 2005 enim
1015 1959 1248 2022 praecipue
1270 1960 1476 2008 fallimur.

180 2033 237 2081 ad
257 2031 421 2079 ferrum
441 2031 672 2090 venimus,
695 2032 750 2077 ad
768 2032 966 2095 capitalia
986 2031 1197 2095 supplicia
1216 2050 1225 2078 ε
1246 2045 1289 2078 et
1310 2034 1475 2079 vincu-⁵

179 2101 256 2163 lis,
275 2123 450 2155 carcere
468 2143 482 2165 ,
504 2105 623 2154 farne
644 2106 923 2155 vindicamus
939 2114 1031 2155 r‘em
1046 2142 1059 2165 ,
1080 2106 1368 2170 castigandam
1389 2108 1473 2155 ΗΒ*

183 2182 272 2246 gris
289 2180 551 2230 levioribus.
567 2182 845 2242 QuomodO,
865 2182 1033 2245 inquis,
1052 2199 1133 2228 nos
1151 2181 1273 2228 iubes
1296 2182 1475 2242 intueri,

185 2275 318 2322 quam
343 2255 494 2304 omnia
520 2272 598 2318 per
623 2271 737 2319 quae
762 2255 872 2302 laedi
895 2257 1127 2311 videmur,
1144 2256 1324 2318 exigua,
1345 2256 1475 2304 mise*-

185 2351 261 2392 ra,
293 2331 474 2396 puerilia
503 2330 618 2377 sint?
656 2332 753 2394 Ego
784 2347 897 2378 vero
928 2330 1034 2376 nihil
1067 2329 1202 2392 magis
1235 2329 1436 2377 suaserim
1457 2365 1472 2390 ‚

187 2424 323 2472 quam
354 2407 521 2453 sumere
562 2405 785 2470 ingentem
825 2403 1052 2459 animum,
1083 2417 1126 2450 et
1158 2404 1263 2450 haec
1295 2420 1480 2468 propter

189 2499 301 2550 quae
337 2480 557 2543 litigamus
581 2514 595 2537 ‚
635 2478 916 2526 discurrimus
940 2512 955 2536 ‚
1002 2477 1256 2525 anhelamus
1276 2481 1292 2536 ‚¹
1326 2480 1483 2527 videre

189 2545 192 2549 ’
258 2549 306 2596 L.
325 2551 452 2595 Ana.
471 2549 640 2593 Seneca.
664 2547 759 2592 Vol.
777 2543 816 2593 Ι,
1184 2542 1227 2587 G
