1741 2919
275 138 334 181 82
537 134 587 180 L.
633 131 936 180 ANNAEI
987 130 1349 181 SENECAE

271 254 395 290 tuum
407 279 422 300 ,
439 252 586 306 guttur
603 253 729 288 tuum
742 278 755 299 ‚
776 257 855 288 cor
870 242 1026 289 tuum?
1047 240 1208 305 effugia
1229 239 1449 289 servitutis
1463 239 1574 289 sunfl

272 318 420 365 Nimis
445 315 524 362 tibi
557 315 774 379 operosos
799 315 941 369 exitus
967 314 1288 373 monstramus,
1311 326 1354 362 et
1381 314 1573 361 multum

272 391 408 440 animi
430 405 480 437 ac
502 389 681 437 roboris
700 388 936 451 exigentes.
967 388 1158 448 Quaeris
1173 423 1186 446 ‚
1205 387 1330 451 quod
1360 386 1410 434 sit
1435 387 1490 433 ad
1515 386 1574 432 li-

273 467 490 515 bertatem
514 464 630 513 iter?
656 463 878 527 quaelibet
898 463 943 509 in
964 478 1156 526 corpore
1175 474 1254 509 tuo
1274 478 1404 508 vena.

339 541 466 587 XV1.
494 537 722 600 Quamdiu
742 537 922 601 quidem
942 536 1048 583 nihil
1067 549 1158 583 tam
1185 535 1467 584 intolerabile
1487 551 1574 583 no·-

272 613 338 662 bis
358 613 557 671 videtur,
586 623 634 657 ut
654 627 735 658 nos
763 611 948 673 expellat
973 627 997 657 e
1019 611 1111 657 vita
1130 645 1144 668 ‚
1174 610 1283 657 iram
1305 610 1350 656 in
1368 627 1576 674 quocun-

272 703 361 751 que
386 686 549 733 erimus
578 684 689 731 statu
708 720 721 742 ,
746 700 1074 732 removeamus.
1104 683 1354 731 Perniciosa
1389 682 1451 730 est
1484 684 1574 731 ser-

274 758 511 807 vientibus.
524 757 670 804 omnis
689 756 811 803 enim
824 756 1071 821 indignatio
1090 756 1137 804 in
1158 770 1433 804 tormentum
1449 757 1574 804 suum

273 831 484 895 proficit,
508 844 550 879 et
578 831 764 892 imperia
794 830 1003 894 graviora
1030 829 1188 877 sentit:
1221 845 1314 893 quo
1344 844 1576 877 contuma-

275 905 371 954 cius
395 905 573 969 patitur.
605 904 675 949 Sic
695 903 877 966 laqueos
901 902 992 950 fera
1025 904 1130 950 dum
1150 904 1295 958 iafilat,
1319 903 1546 966 adstringit
1562 921 1576 950 :

276 979 335 1026 fic
357 995 461 1025 aves
490 978 691 1035 viscum,
711 977 817 1023 dum
839 976 1106 1040 trepidantes
1131 976 1387 1035 excutiunt,
1414 977 1576 1040 plumis

275 1054 483 1102 omnibus
518 1052 705 1099 illinunt.
743 1052 925 1098 Nullum
964 1063 1054 1098 tam
1088 1053 1255 1099 arc‘lum
1292 1051 1355 1099 est
1389 1053 1539 1117 iugum
1560 1088 1576 1111 ‚

275 1129 402 1193 quod
428 1144 519 1173 non
547 1127 691 1173 minus
719 1126 860 1171 laedat
886 1125 1122 1173 ducentem
1139 1159 1152 1183 ‚
1171 1142 1304 1188 quam
1324 1141 1577 1190 repugnan-

274 1214 379 1249 tem.
396 1201 550 1247 Unum
570 1197 631 1245 est
645 1198 945 1245 levamentum
968 1196 1188 1243 malorum
1208 1197 1473 1260 ingentium,
1491 1215 1574 1260 pa-

276 1274 341 1332 ti,
368 1289 411 1320 et
439 1271 765 1320 necessitatibus
795 1269 879 1317 suis
906 1269 1105 1333 obsequi.
1137 1270 1220 1315 Sed
1250 1285 1351 1316 cum
1379 1269 1498 1316 utilis
1526 1270 1576 1320 sit

277 1347 591 1405 servientibus,
621 1345 857 1392 affefihium
880 1343 1063 1390 suorum
1080 1379 1091 1398 ,
1121 1354 1164 1389 et
1191 1342 1321 1390 huius
1340 1343 1576 1407 praecipue

276 1420 418 1467 rabidi
447 1434 579 1483 atque
599 1416 801 1466 effraenis
821 1415 1092 1464 continentia
1105 1452 1118 1474 ,
1138 1415 1289 1462 utilior
1307 1416 1368 1463 est
1389 1418 1576 1481 regibus.

276 1496 508 1542 Perierunt
538 1491 692 1538 omnia
713 1527 726 1550 ,
757 1491 833 1537 ubi
859 1501 1072 1554 quantum
1102 1490 1249 1537 suadet
1277 1490 1368 1549 ira,
1399 1491 1576 1539 fortuna

277 1567 518 1633 permittit:
540 1583 622 1613 nec
642 1565 716 1612 diu
731 1563 876 1628 potest
889 1600 901 1621 ‚
921 1581 1035 1627 quae
1054 1564 1299 1611 multorum
1316 1565 1434 1612 malo
1448 1581 1577 1612 exer-

279 1653 431 1698 cetur,
460 1639 659 1702 potentia
679 1637 801 1685 stare.
830 1636 1106 1685 Periclitatur
1126 1637 1274 1696 enim,
1302 1638 1379 1684 ubi
1400 1654 1477 1685 eos
1502 1639 1577 1702 qui

280 1714 511 1779 separatim
535 1727 718 1777 gemunt
734 1746 747 1770 ,
774 1710 1027 1758 communis
1053 1721 1192 1757 metus
1221 1710 1376 1758 iunxit.
1407 1712 1579 1760 Pleros-

281 1806 368 1853 que
397 1789 546 1852 itaque
576 1786 717 1833 modo
748 1783 900 1847 singuli
930 1780 1267 1854 maitaiierunn
1299 1785 1441 1830 modo
1475 1785 1578 1831 uni-

281 1863 419 1921 versi,
449 1879 551 1910 cum
580 1860 678 1907 illos
706 1859 913 1906 conferre
932 1857 977 1904 in
1000 1874 1140 1904 unum
1161 1857 1246 1905 iras
1264 1859 1466 1921 publicus
1496 1860 1579 1905 do-

280 1941 352 1988 lor
381 1937 609 2002 co'e‘giffet.
640 1935 776 1998 Atqui
803 1933 1002 1997 plerique
1029 1931 1087 1980 sic
1112 1931 1221 1979 iram
1240 1968 1253 1988 ,
1274 1933 1393 1997 quasi
1414 1933 1578 1997 insigne

281 2012 451 2076 regium
464 2047 477 2068 ,
503 2019 806 2056 exercuerunt.
825 2006 946 2053 Sicut
965 2005 1129 2052 Darius
1142 2041 1156 2062 ,
1173 2006 1252 2068 qui
1270 2005 1458 2069 primus,
1479 2005 1579 2069 post

282 2084 475 2132 ablatum
497 2083 636 2144 Mago
657 2079 893 2142 imperium
911 2110 926 2133 ‚
945 2077 1091 2124 Persas
1116 2090 1159 2124 et
1183 2094 1388 2141 magnam
1408 2094 1578 2141 partem

284 2156 484 2216 Orientis
504 2152 710 2202 obtinuit.
741 2154 857 2199 Nam
880 2168 981 2199 cum
1008 2151 1173 2198 bellum
1202 2151 1378 2216 Scythis
1399 2152 1579 2200 indixis-

285 2230 374 2284 set,
394 2228 626 2275 Orientem
646 2225 946 2290 cingentibus,
971 2238 1149 2288 rogatus
1168 2225 1221 2271 ab
1241 2226 1425 2272 Oebazo
1438 2225 1579 2273 nobili

218 2357 220 2359 ,
286 2301 417 2359 sene,
436 2315 484 2348 ut
504 2317 557 2347 ex
582 2299 724 2347 tribus
743 2297 888 2345 liberis
912 2315 1051 2362 unum
1076 2297 1122 2344 in
1144 2297 1345 2345 solatium
1372 2299 1484 2361 patri
1505 2316 1578 2346 re-

285 2376 502 2439 linqueret
521 2409 536 2432 ‚
565 2377 757 2422 duorum
779 2391 916 2438 opera
933 2385 1150 2422 uteretur:
1175 2375 1271 2438 plus
1290 2392 1421 2438 quam
1446 2391 1578 2438 roga-

287 2448 416 2496 batur
445 2448 696 2512 pollicitus,
721 2464 878 2497 omnes
912 2447 955 2497 se
979 2447 1041 2496 illi
1064 2447 1176 2496 dixit
1207 2447 1485 2496 remissurum
1502 2464 1514 2494 z
1534 2456 1577 2492 et
