1741 2919
522 128 624 179 DE
668 131 799 179 IRA
853 132 990 179 Lm,
1039 132 1106 180 {L
1395 133 1450 178 61

161 240 305 287 Senex
323 275 336 297 ‚
355 254 427 287 aut
450 238 614 288 infirmi
645 242 848 304 corporis
875 241 935 288 est
956 276 969 298 ,
993 242 1066 304 qui
1096 257 1197 287 cum
1230 240 1456 288 ambulare

164 313 294 371 vult,
324 314 474 361 currit,
502 314 655 360 Animi
689 326 836 362 motus
871 331 949 361 eos
985 329 1190 378 putemus
1218 315 1458 365 sanissimos

163 387 564 451 validissimosque,
597 386 671 451 qui
692 386 842 434 nostro
862 388 1048 435 arbitrio
1079 388 1229 445 ibunt,
1259 405 1349 435 non
1380 389 1457 437 suo
1498 416 1501 419 ·

161 458 370 508 ferentur.
387 460 505 507 Nihil
524 471 670 506 tamen
689 476 828 522 aeque
844 458 1090 522 profuerit,
1110 476 1240 523 quam
1264 459 1456 522 primum

161 531 324 581 intueri
345 531 675 580 deformitatem
696 533 788 591 rei,
810 532 969 580 deinde
994 531 1252 596 periculum.
1273 535 1378 580 Non
1399 533 1460 580 est

164 605 296 654 ullius
319 604 496 653 affectus
515 603 648 652 facies
676 604 907 652 turbatior.
934 603 1227 667 pulcherrima
1254 621 1331 650 ora
1363 604 1458 652 foe·-

160 677 313 736 davit,
331 690 489 726 torvos
506 678 655 726 vultus
672 695 728 726 ex
747 678 1111 742 tranquiliiffimis
1131 680 1334 728 reddidit.
1355 682 1460 727 LZn-

161 751 259 815 quit
282 751 420 809 decor
437 751 582 799 omnis
613 751 749 800 iratos
770 770 782 800 :
804 765 847 799 et
867 751 957 800 five
978 752 1162 799 amictus
1192 753 1307 802 illius
1335 771 1457 803 com-

162 822 331 887 positus
365 822 427 870 est
456 824 512 871 ad
542 824 717 889 legem,
748 825 923 871 trahent
954 824 1118 872 vestem
1136 844 1150 883 3
1185 842 1459 892 omnemque

159 914 315 946 curam
341 898 404 946 sui
430 898 656 947 effundent
674 916 688 955 3
723 897 754 945 fi
785 898 1049 962 capillorum
1083 914 1237 947 natura
1268 902 1340 949 vel
1369 917 1460 949 arte

160 971 401 1021 iacentium
425 989 516 1020 non
545 971 751 1019 informis
775 971 837 1019 est
862 972 1060 1031 habitus,
1087 991 1187 1021 cum
1215 975 1365 1021 animo
1391 977 1458 1022 iltu-

160 1045 448 1094 horrescunt:
462 1046 711 1094 tumescunt
726 1062 864 1093 venae
878 1082 892 1105 ,
913 1046 1169 1095 concutitur
1182 1049 1343 1095 crebro
1365 1051 1454 1112 spi·

159 1117 248 1166 ritu
265 1119 439 1182 pectus,
458 1118 608 1166 rabida
627 1118 752 1168 vocis
773 1120 950 1183 eruptio
971 1121 1086 1169 colla
1107 1120 1325 1169 distendit.
1350 1137 1456 1173 tunc

159 1207 279 1249 artus
295 1192 484 1258 trepidi,
508 1194 730 1259 inquietae
748 1211 901 1241 manus
917 1230 931 1251 ,
960 1195 1094 1242 totius
1115 1196 1318 1258 corporis
1346 1195 1455 1245 fluc-

160 1266 314 1314 tuatio.
332 1266 524 1329 Qualem
549 1266 663 1314 intus
688 1282 813 1330 putas
833 1267 917 1315 effe
939 1268 1133 1315 animum
1150 1305 1164 1327 ,
1193 1269 1315 1318 cuius
1333 1284 1455 1319 extra

159 1341 311 1407 imago
334 1353 424 1389 tam
441 1341 572 1389 foeda
588 1340 679 1389 est?
699 1355 866 1407 quanto
886 1341 947 1400 illi
965 1342 1079 1390 intra
1098 1344 1252 1407 peetus
1271 1346 1455 1393 terribi-

158 1416 248 1465 lior
278 1418 460 1477 vultus,
491 1416 636 1467 acrior
668 1417 840 1481 spiritus
873 1417 964 1478 est,
994 1417 1205 1466 intensior
1231 1419 1418 1484 impetus
1441 1458 1457 1481 ‚

126 1534 131 1538 .
158 1506 370 1558 rupturus
399 1492 441 1541 se
471 1493 550 1542 nisi
570 1493 800 1558 eruperit?
822 1494 987 1555 Quales
1014 1494 1109 1542 sunt
1133 1494 1323 1543 hostium
1339 1533 1352 1556 ‚
1386 1498 1460 1544 vel

158 1569 352 1617 ferarum
377 1568 511 1618 caede
535 1567 807 1615 madentium
823 1604 836 1626 ,
862 1579 936 1615 aut
964 1568 1019 1615 ad
1040 1569 1223 1617 caedem
1254 1571 1455 1618 euntium

155 1644 376 1708 aspe&us;
400 1643 542 1709 qualia
559 1644 720 1707 po'e'tae
739 1642 912 1690 inferna
933 1634 1124 1690 monstra
1145 1642 1333 1703 finxere,
1353 1645 1454 1692 suc-

157 1719 301 1767 cincta
320 1718 613 1783 serpentibus,
639 1734 683 1767 et
702 1717 836 1782 igneo
856 1716 989 1773 flatu3
1008 1717 1158 1781 quales
1176 1718 1228 1765 ad
1245 1719 1355 1766 bella
1376 1737 1457 1768 ex-

157 1792 332 1841 citanda
347 1830 361 1853 ‚
381 1793 737 1858 discordiamque
756 1793 800 1840 in
820 1792 1014 1856 populos
1043 1792 1326 1841 dividendam
1342 1827 1355 1852 ,
1374 1810 1454 1856 pas

155 1883 346 1934 temque
368 1869 669 1928 lacerandam,
694 1868 942 1916 teterrimae
958 1867 1160 1915 *inferum
1180 1878 1346 1914 exeunt
1373 1871 1453 1915 Fu-

156 1942 274 1990 riae:
293 1943 423 1990 talem
446 1944 575 1991 nobis
594 1943 701 1990 iram
720 1940 982 2007 figuremus,
1002 1942 1181 1988 flamma
1198 1940 1363 1988 lumina
1383 1958 1453 1987 ar-

155 2017 335 2077 dentia,-
365 2017 492 2065 fibilo
513 2017 782 2081 mugituque
807 2028 850 2063 et
868 2016 1035 2081 gemitu
1055 2028 1098 2063 et
1117 2015 1330 2072 stridore,
1351 2026 1393 2061 et
1419 2015 1451 2062 fi

155 2086 245 2158 qua
270 2093 337 2140 his
365 2092 550 2140 invisior
574 2108 669 2140 vox
697 2091 785 2150 est,
812 2091 1187 2155 perstrepentem,
1209 2089 1294 2136 tela
1318 2106 1451 2136 manu

155 2180 343 2232 utraque
361 2168 648 2232 quatientem.
670 2182 812 2231 neque
830 2166 947 2213 enim
973 2167 1034 2213 illi
1052 2202 1065 2224 ,
1087 2181 1235 2228 tegere
1255 2163 1298 2211 se
1311 2199 1326 2223 ,
1346 2181 1451 2211 cura

152 2239 242 2286 est:
270 2253 447 2287 torvam
463 2277 477 2298 ,
503 2252 818 2304 cruentamque
833 2276 846 2297 ‚
867 2252 911 2286 et
935 2239 1257 2297 cicatricosam,
1279 2250 1324 2285 et
1345 2254 1450 2285 ver-

150 2310 330 2360 beribus
363 2312 447 2360 suis
480 2313 663 2362 lividam
684 2349 698 2372 ,
753 2312 983 2360 inceffibus
1021 2312 1190 2359 vesanis
1213 2345 1229 2370 ,
1265 2309 1450 2358 offusam

152 2385 296 2432 multa
335 2386 542 2450 caligine,
580 2386 903 2435 incursitantem
920 2417 936 2443 ‚
976 2385 1215 2434 vastantem
1235 2420 1249 2443 ‚
1287 2384 1448 2449 fugan-

153 2468 334 2524 temque
357 2476 368 2507 :
389 2474 431 2508 et
450 2461 653 2509 omnium
679 2461 790 2510 odio
809 2460 1085 2509 laborantem
1098 2493 1113 2519 ,
1134 2458 1198 2509 sui
1217 2458 1410 2508 maxime
1431 2474 1446 2508 z
