1741 2919
292 149 382 200 &2
583 126 1384 185 L.ANNAE13ENECAE

285 242 454 305 ubique
475 241 610 288 flendi
628 278 642 299 ,
660 258 703 289 et
724 243 886 290 affidua
907 245 1101 291 materia.
1128 244 1261 291 alium
1282 246 1338 292 ad
1357 247 1582 310 quotidia-

232 362 240 382 ,Ἃ
284 333 393 362 num
428 331 540 377 opus
572 315 787 362 laboriosa
823 317 986 380 egestas
1021 329 1156 364 vocat
1186 334 1198 362 ε
1233 318 1363 363 alium
1395 320 1581 366 ambitio

240 389 243 399 K
283 397 510 452 nunquam
528 389 672 453 quieta
692 388 905 437 solicitat:
924 389 1029 437 alius
1047 389 1221 437 divitias
1235 425 1249 447 ‚
1266 408 1372 454 quas
1392 407 1581 454 optave—

284 472 379 520 rat,
400 460 583 520 metuit,
618 473 661 509 et
683 473 796 510 voto
820 462 988 509 laborat
1019 462 1101 509 suo
1121 480 1131 509 :
1163 462 1296 509 alium
1318 463 1551 510 solicitudo
1566 501 1579 522 ‚

284 535 416 582 alium
440 535 565 582 labor
593 546 800 598 torquet,
823 535 952 582 alium
985 535 1157 599 semper
1178 536 1441 584 vestibulum
1463 538 1581 584 obfi-

283 609 394 656 dens
407 610 532 656 turba
551 627 561 655 :
579 609 650 656 hic
665 610 823 657 habere
841 608 882 656 se
901 609 1022 657 dolet
1038 610 1226 665 liberos,
1248 610 1318 657 hic
1335 610 1582 672 perdidisse.

284 683 513 730 Lacrimae
543 683 672 730 nobis
697 683 906 740 deerunt,
931 694 1030 729 ante
1058 699 1189 745 quam
1212 684 1359 731 causae
1385 685 1581 733 dolendi.

227 764 233 769 “
282 756 391 801 Non
412 756 541 803 vides
562 756 734 819 quaiem
761 756 900 803 vitam
924 755 1053 801 nobis
1072 771 1220 801 rerum
1238 768 1390 802 natura
1410 756 1580 817 promi-

282 829 386 876 serit
400 865 413 886 ,
438 847 551 893 quiae
571 831 761 894 primum
784 829 1047 876 nascentium
1065 846 1200 876 omen
1219 830 1370 877 fletum
1391 830 1476 877 effe
1490 846 1578 878 vo-

281 901 394 949 luit?
416 904 516 951 Hoc
541 903 766 966 principio
791 903 966 951 edimur
981 939 995 958 ‚
1016 902 1119 949 huic
1139 902 1284 949 omnis
1307 903 1577 967 sequentium

282 991 505 1022 annorum
531 978 647 1023 ordo
672 976 903 1024 consentit.
927 974 984 1022 fic
1004 976 1142 1024 vitam
1170 976 1335 1039 agimus
1355 994 1365 1022 z
1387 976 1577 1039 ideoque

281 1050 510 1097 moderate
531 1050 576 1097 id
605 1050 697 1098 fieri
726 1051 856 1096 debet
885 1066 908 1096 a
935 1049 1090 1108 nobis,
1116 1050 1242 1113 quod
1264 1049 1387 1112 saepe
1408 1049 1576 1096 facien-

280 1124 388 1170 dum
422 1124 484 1171 est
512 1142 523 1171 :
550 1139 593 1171 et
625 1124 904 1186 respicientes
928 1159 942 1182 ‚
967 1118 1184 1186 quantum
1216 1140 1240 1169 a
1265 1136 1393 1187 tergo
1426 1141 1576 1182 rerum

277 1196 467 1244 tristium
499 1198 754 1258 immineat,
789 1198 820 1243 fi
851 1214 942 1245 non
972 1197 1100 1245 finire
1126 1197 1351 1257 lacrimas5
1381 1211 1424 1245 at
1458 1216 1576 1246 certe

277 1270 500 1319 reservare
536 1274 761 1320 debemus.
792 1272 912 1319 Nulli
948 1273 1168 1335 parcendu
1216 1289 1218 1295 ’
1249 1271 1309 1319 est
1344 1272 1407 1318 rei
1437 1272 1575 1335 magis

276 1360 414 1408 quam
432 1345 557 1402 huic,
578 1345 703 1392 cuius
723 1360 811 1393 tam
832 1345 1039 1409 frequens
1058 1345 1155 1392 usus
1171 1290 1246 1392 gii.
1266 1345 1375 1392 Illud
1391 1361 1573 1409 quoque

276 1430 324 1465 te
349 1435 442 1466 non
463 1419 695 1466 minimum
717 1419 961 1476 adiuverit,
989 1418 1019 1464 fi
1041 1417 1338 1482 cogitaveris,
1363 1417 1470 1464 nulli
1487 1417 1573 1478 rui-7

276 1508 361 1539 :nus
374 1502 545 1553 gratum
568 1491 652 1538 effe
670 1491 874 1538 dolorem
894 1504 1017 1540 tuum
1034 1527 1047 1550 ‚
1066 1507 1197 1555 quam
1220 1490 1262 1537 ei
1277 1489 1347 1545 cui
1366 1489 1571 1552 praestari

275 1564 470 1613 videtur.
492 1565 721 1629 Torqueri
738 1565 808 1611 ille
829 1576 871 1613 te
890 1577 966 1611 aut
985 1581 1077 1611 non
1097 1564 1212 1619 vult,
1236 1575 1310 1610 aut
1329 1580 1421 1632 non
1437 1562 1569 1610 intel-

272 1637 384 1702 ligit.
414 1638 530 1685 nulla
558 1639 709 1702 itaque
734 1639 826 1685 eius
856 1637 991 1685 officii
1022 1636 1137 1685 ratio
1168 1637 1256 1693 est,
1280 1636 1403 1700 quod
1431 1635 1472 1682 ei
1496 1636 1570 1684 cui

273 1711 545 1774 praestatur,
575 1712 607 1758 fi
626 1712 733 1759 nihil
764 1711 916 1770 sentit,
944 1712 1266 1774 supervacuum
1291 1709 1352 1757 est
1377 1728 1389 1758 ε
1418 1708 1449 1756 fi
1474 1710 1570 1758 sen-

273 1784 328 1832 tit
339 1820 354 1842 ,
371 1785 606 1849 ingratum.

339 1860 517 1906 XXIV.
550 1857 787 1905 Neminem
821 1866 922 1904 toto
953 1855 1064 1902 orbe
1093 1869 1305 1920 terrarum
1335 1853 1421 1901 effe
1440 1889 1455 1911 ‚
1487 1854 1567 1918 qui

273 1932 517 1981 deie&etur
536 1931 838 1980 lacrimis·tuis
854 1967 867 1987 ,
894 1931 1097 1977 auda&er
1124 1930 1321 1975 dixerim.
1345 1928 1470 1989 Quid
1496 1945 1566 1975 er-

270 2022 333 2069 go
352 2007 368 2051 ?
390 2024 520 2069 quem
546 2023 680 2053 nemo
701 2006 905 2053 adversus
922 2016 964 2051 te
984 2003 1179 2050 animum
1198 2002 1335 2065 gerit,
1359 2019 1461 2048 eum
1478 2000 1566 2047 effe

268 2090 317 2126 tu
337 2079 477 2128 credis
506 2079 655 2126 fratris
676 2080 770 2135 tui,
797 2090 845 2125 ut
875 2077 1067 2125 cruciatu
1096 2087 1176 2123 tuo
1207 2087 1367 2122 noceat
1385 2074 1464 2120 tibi
1485 2092 1495 2120 ε
1515 2089 1566 2121 ut

268 2166 313 2200 te
347 2152 449 2200 velit
476 2153 693 2199 abducere
719 2152 773 2197 ab
805 2148 1170 2211 occupationibus
1194 2147 1305 2202 tuis,
1334 2146 1380 2192 id
1409 2145 1470 2192 est
1488 2182 1505 2203 ‚
1537 2161 1564 2192 a

267 2226 437 2281 studio,
470 2244 512 2272 ef
547 2244 569 2273 a
601 2225 815 2273 Caesare?
841 2226 946 2270 Non
978 2221 1039 2268 est
1065 2220 1152 2269 hoc
1182 2221 1316 2270 fimile
1344 2219 1454 2267 veri.
1487 2218 1563 2266 ule

268 2301 385 2348 enim
424 2290 740 2365 indulgentiam
779 2299 860 2346 tibi
899 2309 1104 2359 tanquam
1145 2294 1269 2342 fratri
1310 2292 1519 2357 praestitit
1543 2327 1562 2350 ‚

202 2414 205 2417 .
268 2374 603 2421 venerationem
624 2387 831 2437 tanquam
856 2370 1025 2435 parenti
1044 2405 1058 2428 ‚
1079 2368 1246 2416 cultum
1264 2384 1470 2430 tanquam
1490 2366 1559 2412 su-

270 2444 462 2508 periori,
495 2445 566 2494 ille
599 2441 816 2495 desiderio
843 2442 925 2493 tibi
957 2441 1043 2494 effe
1072 2441 1195 2500 vult,
1225 2452 1452 2489 tormento
1472 2436 1559 2487 effe
