1741 2919
238 172 780 231 CONSOLATIO
826 174 925 220 AD
971 175 1235 222 POLYB.
1333 194 1419 240 159

123 301 324 347 utamur,
358 303 401 337 et
430 289 536 336 alter
570 290 614 335 in
661 289 843 335 alterum
880 289 1089 335 illidimur
1110 325 1123 346 ‚
1156 302 1198 336 et
1224 289 1423 354 aliquan—

124 363 183 409 do
215 361 486 426 naufragium
520 361 730 420 facimus,
768 361 939 424 semper
972 362 1191 408 timemus.
1249 367 1295 408 ln
1332 364 1420 411 hoe

124 451 211 483 tam
249 434 499 499 procelloso
521 470 536 493 ,
570 447 612 482 et
652 435 697 480 in
733 451 890 482 omnes
928 434 1204 497 tempestates
1242 436 1422 499 exspost-

126 527 174 560 to
197 512 304 558 mari
331 509 661 574 navigantibus,
695 510 836 557 nullus
869 523 1021 574 portus
1051 510 1125 557 nifi
1163 513 1317 559 mortis
1347 512 1423 560 est.

125 586 193 632 Ne
218 584 363 647 itaque
385 582 597 630 invideris
623 583 748 630 fratri
779 596 871 630 tue.
930 583 1123 647 quiescit.
1158 585 1332 630 tandem
1364 585 1420 631 li-
1467 638 1469 640 ,

125 658 227 716 ber,
257 656 432 702 tandem
465 666 583 702 tutus
602 690 616 712 ‚
648 657 823 703 tandem
857 669 1056 704 aeternus
1095 657 1154 703 est
1180 674 1190 703 ε
1218 658 1420 719 supersti-

127 743 214 781 tem
233 730 484 785 Caesarem,
506 745 775 794 omnemque
806 730 899 777 eius
931 731 1124 793 prolem,
1147 731 1418 793 superstitem

125 817 168 852 te
204 820 304 851 cum
338 803 546 849 omnibus
581 803 711 850 habet
743 802 964 850 fratribus,
997 807 1245 866 Antequam
1281 805 1416 868 quid-

123 893 256 940 quam
288 893 342 922 ex
371 875 450 922 suo
477 874 632 923 favore
663 875 839 922 fortuna
865 890 1082 931 mutaret,
1115 876 1295 924 stantem
1333 876 1413 924 ad-

125 950 210 996 huc
231 950 376 1006 illam,
396 945 439 996 et
469 965 650 996 munera
681 949 810 1012 plena
842 967 978 996 manu
1005 962 1320 1014 congerentem
1349 966 1416 997 re«

125 1023 267 1085 liquit.
296 1024 470 1070 Fruitur
503 1038 619 1069 nunc
640 1036 795 1085 aperto
816 1035 858 1070 et
890 1022 1031 1069 libero
1057 1024 1218 1082 coelo,
1249 1041 1303 1071 ex
1333 1025 1417 1070 itu-2

126 1095 219 1141 mili
251 1109 384 1159 atque
415 1093 618 1159 depresso
654 1096 698 1141 in
727 1111 829 1142 eum
870 1095 1052 1143 emicuit
1081 1096 1263 1155 locum,
1294 1098 1420 1161 quis·

124 1167 220 1232 quis
246 1167 316 1214 ille
341 1167 424 1225 est,
454 1168 530 1231 qui
561 1167 718 1214 solutas
741 1166 929 1213 vinculis
952 1167 1118 1213 animas
1145 1167 1275 1214 beato
1304 1168 1420 1214 reci-

120 1242 187 1306 pit
215 1241 338 1288 finu:
365 1253 408 1288 et
436 1257 553 1288 nunc
584 1240 721 1288 libere
752 1254 968 1303 vagatur,
999 1239 1238 1303 omniaque
1266 1257 1414 1288 rerum

119 1327 298 1362 naturae
325 1317 441 1361 bona
467 1331 567 1362 cum
604 1313 769 1360 summa
813 1314 1043 1377 voluptate
1077 1313 1296 1377 perspicit.
1335 1318 1416 1362 Er*

119 1404 201 1436 ras.
242 1405 332 1435 non
367 1387 559 1451 perdidit
592 1386 737 1433 lucem
776 1385 906 1433 frater
940 1399 1038 1433 tuus
1061 1421 1075 1445 ‚
1111 1384 1185 1432 sed
1219 1385 1415 1433 securio-

120 1477 214 1508 rem
248 1461 425 1508 sortitus
458 1459 532 1507 est.
581 1460 792 1509 omnibus
820 1460 897 1508 illo
932 1461 1061 1508 nobis
1087 1477 1324 1508 commune
1355 1461 1417 1508 est

121 1534 217 1583 iter.
240 1534 366 1595 Quid
394 1533 481 1582 fata
508 1533 756 1583 deflemus?
786 1551 878 1583 non
907 1534 1084 1599 reliquit
1111 1535 1184 1583 ille
1211 1552 1316 1595 nos,
1337 1536 1413 1584 sed

122 1605 361 1654 antecessit.

187 1678 365 1725 XXIX.
397 1677 470 1724 Est
488 1714 502 1736 ,
532 1677 642 1724 mihi
668 1679 799 1726 crede
817 1713 831 1738 ‚
860 1694 1017 1743 magna
1037 1678 1218 1728 felicitas
1247 1681 1291 1727 in
1325 1681 1417 1744 ipsa

119 1748 331 1798 felicitate
361 1750 598 1798 moriendi.
629 1751 752 1797 Nihil
773 1768 827 1798 ne
848 1750 894 1797 in
914 1763 1061 1799 totum
1087 1754 1268 1817 quidem
1300 1755 1416 1801 diem

121 1825 231 1871 certi
251 1823 325 1872 est.
346 1824 443 1887 quis
463 1823 509 1870 in
528 1836 616 1870 tam
642 1822 833 1871 obscura
852 1836 895 1870 et
919 1824 1124 1872 involuta
1142 1826 1327 1873 veritate
1347 1827 1416 1873 di-

122 1896 247 1944 vinat
265 1932 280 1954 ‚
315 1908 521 1944 utrumne
550 1896 674 1943 fratri
702 1910 782 1944 tuo
808 1912 930 1943 mors
954 1896 1195 1955 inviderit,
1220 1916 1273 1944 an
1302 1916 1416 1946 con·

120 1969 330 2018 suluerit?
369 1970 477 2017 lllud
509 1981 720 2034 quoque‘,
739 1987 825 2033 qua
855 1969 1015 2016 iustitia
1035 1971 1081 2016 in
1116 1972 1324 2020 omnibus
1344 1991 1414 2022 re·-

119 2045 200 2092 bus
219 2062 264 2092 es
281 2081 296 2104 ‚
315 2044 485 2093 neceffe
510 2044 572 2093 est
590 2059 633 2092 te
654 2044 835 2092 adiuvet
857 2043 1126 2106 cogitantem
1140 2083 1157 2104 ,
1184 2064 1274 2093 non
1295 2048 1412 2095 iniu-

121 2118 228 2165 riam
261 2119 340 2166 tibi
370 2119 526 2167 factam
546 2154 560 2177 ,
588 2118 714 2183 quod
738 2117 870 2165 talem
899 2115 1082 2164 fratrem
1110 2118 1284 2166 amifisti
1301 2156 1314 2178 ‚
1341 2120 1413 2167 sed

120 2190 382 2239 beneficium
403 2192 551 2239 datum
564 2227 579 2248 ‚
598 2191 720 2255 quod
741 2191 910 2238 tamdiu
930 2191 1090 2254 pietate
1110 2192 1203 2239 eius
1221 2192 1285 2238 uti
1303 2194 1413 2241 frui-

121 2279 208 2326 que
239 2263 377 2311 licuit.
412 2264 595 2329 Iniquus
620 2263 711 2322 est,
743 2264 820 2328 qui
854 2264 1047 2311 muneris
1080 2264 1143 2310 sui
1178 2265 1410 2313 arbitrium

121 2334 242 2381 danti
274 2351 367 2381 non
396 2335 603 2399 relinquit
621 2353 632 2382 ε
652 2335 831 2390 avidus,
855 2336 932 2400 qui
955 2351 1046 2382 non
1073 2336 1183 2383 lucri
1205 2337 1312 2383 loco
1332 2339 1410 2384 ha-

120 2406 195 2454 bet
213 2408 339 2471 quod
364 2409 534 2471 accepit
554 2444 567 2467 ,
589 2408 663 2456 sed
684 2409 832 2455 damni
852 2445 867 2467 ,
887 2409 1011 2474 quod
1030 2409 1234 2458 reddidit.
1254 2413 1407 2475 Ingra-

119 2491 190 2529 tus
220 2480 282 2530 est
300 2517 315 2542 ,
343 2481 422 2546 qui
452 2481 657 2530 iniuriam
686 2494 821 2532 vocat
842 2481 976 2530 finem
998 2482 1273 2549 voluptatis:
1303 2484 1406 2532 stul·-
