1741 2919
322 145 407 194 128
580 147 630 192 L.
673 145 963 193 ANNAEI
1012 146 1368 193 SENECAE

314 253 486 299 adiutus
505 250 685 314 ingenio
704 286 717 309 ‚
737 251 816 297 vix
836 263 981 296 tamen
1002 250 1196 307 invenit,
1218 251 1452 314 quomodo
1469 250 1601 300 trium

314 325 648 390 provinciarum
677 325 891 372 tributum
912 341 996 371 una
1026 342 1167 372 coena
1195 325 1334 374 fieret.
1361 328 1406 373 O
1425 327 1603 374 misera·-

346 399 442 454 iles‚
477 414 667 460 quorum
705 396 894 460 palatum
915 397 993 443 nifi
1013 398 1065 443 ad
1098 397 1316 460 pretiosos
1350 400 1473 445 cibos
1508 416 1600 445 non

314 471 557 520 excitatur!
588 470 807 535 pretiosos
831 483 1006 531 autern,
1031 487 1122 525 non
1153 471 1343 517 eximius
1372 471 1502 533 sapor
1531 485 1604 520 aut

314 548 457 610 aliqua
486 545 679 592 faucium
703 544 917 603 dulcedo,
943 544 1017 591 sed
1035 545 1188 592 raritas
1212 557 1255 592 et
1273 545 1503 592 difficultas
1522 563 1604 608 pa·-

312 620 435 667 randi
455 620 573 666 facit.
595 620 808 683 Alioquin
828 619 859 665 si
880 620 932 667 ad
952 620 1092 665 sanam
1112 619 1196 667 illis
1214 633 1408 675 mentem
1436 621 1605 683 placeat

314 695 505 754 reverti,
534 696 641 759 quid
674 712 788 758 opus
818 694 881 741 est
905 707 976 740 tot
1002 693 1164 742 artibus
1191 695 1338 742 ventri
1366 695 1604 742 servienti-
1653 708 1655 713 ·

314 772 433 818 bus?
473 771 579 835 quid
612 771 907 819 mercaturis?
935 771 1042 834 quid
1075 771 1318 817 vastatione
1354 770 1602 820 silvarum?

314 845 420 903 quid
451 844 664 908 profundi
693 845 1065 908 perscrutatione?
1086 844 1237 908 paffim
1256 845 1400 892 iacent
1417 846 1605 892 alimen-

314 932 354 964 ta
373 955 387 976 ,
415 935 528 982 quae
557 935 703 964 rerum
726 932 880 965 natum
913 917 1122 965 omnibus
1149 917 1261 965 locis
1288 918 1504 980 deposuit.
1530 918 1605 964 sed

314 991 418 1037 baec
438 992 559 1039 velut
579 991 699 1038 caeci
719 992 941 1038 transeunt
955 1023 970 1046 ‚
991 1002 1033 1037 et
1053 998 1208 1036 omnes
1228 989 1427 1053 regiones
1447 1006 1606 1052 perva-

312 1077 467 1128 gantur
483 1100 496 1119 ‚
523 1066 658 1112 maria
675 1065 899 1113 traiiciunt
912 1102 926 1124 ‚
945 1077 989 1112 et
1007 1082 1107 1112 cum
1129 1064 1295 1112 famem
1314 1064 1477 1129 exiguo
1498 1065 1602 1128 pos-

314 1139 392 1185 fint
415 1139 561 1185 sedare
576 1175 589 1197 ,
614 1157 776 1204 magno
806 1141 992 1187 irritant.

379 1216 437 1261 X.
467 1215 593 1261 Libet
614 1215 759 1262 dicere
781 1233 791 1261 ε
811 1215 935 1275 Quid
954 1213 1170 1262 deducitis
1189 1214 1351 1262 naves?
1372 1213 1480 1279 quid
1509 1230 1608 1260 ma-

317 1306 396 1337 nus
428 1302 471 1335 et
496 1289 702 1352 adversus
730 1289 842 1337 feras
865 1300 908 1335 et
933 1289 1139 1337 adversus
1165 1290 1369 1336 homines
1398 1288 1608 1335 armatis?

316 1361 426 1426 quid
454 1374 577 1409 tanto
599 1363 790 1410 tumultu
811 1361 1081 1410 discurritis?
1102 1362 1208 1426 quid
1227 1378 1336 1425 opes
1356 1361 1516 1424 opibus
1536 1377 1610 1426 ag-

316 1435 494 1500 geritis?
518 1452 609 1482 non
635 1437 768 1484 vultis
788 1436 984 1500 cogitare
999 1471 1013 1495 ,
1045 1454 1175 1499 quam
1198 1452 1335 1499 parva
1355 1434 1487 1482 vobis
1509 1450 1612 1481 cor-

318 1525 426 1572 pora
451 1509 564 1557 fint?
585 1511 767 1556 ⁴Nonne
797 1509 923 1557 furor
952 1522 996 1557 et
1027 1510 1207 1556 ultimus
1239 1506 1452 1555 mentium
1482 1522 1610 1554 error

317 1583 399 1642 est,
423 1601 523 1630 cum
550 1597 637 1630 tam
666 1584 875 1647 exiguum
906 1585 1080 1647 capias,
1110 1587 1272 1646 cupere
1290 1579 1514 1627 multum?
1536 1579 1614 1626 Li-

319 1673 390 1706 cet
413 1659 559 1722 itaque
584 1660 778 1723 augeatis
806 1659 983 1718 census,
1005 1656 1310 1722 promoveatis
1337 1654 1475 1702 fines:
1495 1671 1612 1700 nun-

319 1748 450 1795 quam
473 1744 620 1779 tamen
641 1748 833 1795 corpora
856 1732 997 1778 vestra
1018 1731 1230 1778 laxabitis.
1253 1730 1369 1775 Cum
1388 1728 1500 1774 bene
1518 1726 1613 1773 ces-

319 1806 419 1854 serit
438 1807 706 1872 negotiatio,
728 1809 914 1855 multum
941 1807 1095 1853 militia
1116 1804 1335 1859 retulerim
1366 1820 1466 1850 cum
1485 1801 1613 1847 inda·-

319 1881 407 1944 gati
439 1882 634 1945 undique
667 1881 752 1928 cibi
782 1880 972 1928 coierint
992 1917 1006 1938 ,
1031 1896 1124 1926 non
1156 1876 1370 1924 habebitis
1405 1875 1480 1921 ubi
1510 1873 1615 1920 istos

319 1967 551 2017 apparatus
575 1953 746 2001 vestros
779 1954 1026 2000 collocetis,
1058 1951 1186 2012 Quid
1217 1965 1308 1997 tam
1330 1947 1473 1995 multa
1505 1963 1614 1992 con-

306 2027 521 2091 quiritis?
535 2027 707 2074 Scilicet
729 2026 922 2073 maiores
937 2025 1096 2083 nostri,
1119 2037 1311 2087 quorum
1329 2019 1466 2067 virtus
1481 2019 1614 2066 etiam

323 2118 440 2148 nunc
462 2100 578 2147 ‘vitia
600 2100 745 2146 nostra
767 2101 970 2147 sustentat
991 2135 1004 2155 ,
1030 2097 1231 2144 infelices
1257 2103 1379 2141 erant
1394 2127 1408 2150 ‚
1436 2091 1514 2154 qui
1537 2089 1617 2136 fibi

322 2191 456 2221 manu
474 2175 544 2221 sua
569 2174 775 2237 parabant
801 2174 946 2220 cibum
972 2188 983 2217 z
1006 2172 1166 2235 quibus
1185 2182 1301 2216 terra
1327 2164 1472 2213 cubile
1495 2176 1615 2210 erat:

322 2265 519 2311 quorum
538 2249 648 2294 meta
669 2247 867 2293 nondum
888 2261 999 2291 auro
1020 2242 1272 2306 fulgebant:
1295 2256 1485 2303 quorum
1506 2252 1617 2285 tem-

308 2321 393 2382 --pla
418 2321 618 2368 nondum
638 2319 821 2385 genimis
840 2317 1058 2365 nitebant.'
1072 2322 1222 2379 itaque
1241 2326 1347 2361 tunc
1364 2330 1442 2377 per
1467 2311 1617 2359 fiffiles

325 2393 434 2438 deos
453 2393 652 2456 religiose
684 2392 905 2439 iurabatur
927 2408 938 2436 :
958 2389 1037 2454 qui
1067 2388 1167 2435 illos
1183 2388 1534 2449 invocaverant,
1561 2385 1616 2431 ad

323 2466 507 2514 hostem
534 2466 742 2518 morituri
757 2500 773 2525 ,
820 2481 875 2513 ne
909 2463 1109 2512 fallerent
1130 2498 1145 2523 ‚
1181 2461 1395 2518 redibant.
1439 2459 1614 2509 Scilicet
