1741 2919
261 153 796 206 CONSOLATIO
842 151 944 200 AD
988 150 1253 198 POLYB.
1326 149 1414 213 169

137 279 223 331 get.
260 267 363 313 Hoc
390 264 473 313 fuit
500 264 545 311 in
575 265 706 311 rebus
726 261 927 309 humanis
952 260 1157 319 fortuna,
1187 260 1276 306 hoc
1302 257 1419 314 erit;

135 339 244 387 nihil
267 338 464 386 inausum
489 338 567 384 fibi
596 335 801 400 reliquit:
826 334 931 380 nihil
957 334 1168 382 inta&um
1187 331 1422 394 relinquet.

136 416 221 462 lbit
253 414 494 463 violentior
524 430 603 477 per
631 410 811 467 omnia,
841 409 951 456 sicut
980 410 1152 472 semper
1181 407 1244 455 est
1273 406 1424 464 solita,

136 506 208 536 eas
244 505 425 553 quoque
458 489 620 534 domos
657 485 756 533 ausa
790 483 972 530 iniuriae
1004 482 1128 530 causa
1155 482 1347 540 intrare,
1375 479 1423 525 in

135 577 243 624 quas
264 577 341 624 per
362 558 524 621 templa
541 556 703 615 aditur,
720 568 764 604 et
784 568 922 604 atram
942 554 1141 603 laureatis
1159 552 1336 601 foribus
1353 550 1422 598 in-

137 633 241 680 duet
270 631 450 679 vestem.

202 706 420 753 XXXVI.
447 705 549 752 Hoc
577 714 714 752 unum
742 703 1020 752 obtineamus
1050 704 1104 751 ab
1126 702 1198 750 illa
1222 701 1344 749 votis
1370 717 1423 748 ac

138 780 341 843 precibus
373 778 586 843 publicis,
617 778 649 824 fi
676 779 877 825 nondum
913 778 974 825 illi
1011 794 1146 842 genus
1181 777 1425 823 humanum

137 853 301 917 placuit
322 853 582 900 consumere
601 889 617 910 ‚
639 852 672 899 s1
698 856 951 899 Romanum
973 853 1115 899 adhuc
1134 866 1299 897 nomen
1318 864 1427 911 pro-2

137 926 245 990 pitia
263 927 462 988 respicit,
477 926 593 973 hunc
615 925 858 989 principem
870 958 883 981 ,
905 924 1030 987 lapfis
1048 924 1281 971 hominum
1296 920 1428 968 rebus

139 1000 319 1057 datum,
348 998 455 1045 ficut
482 1000 689 1046 omnibus
719 999 977 1046 mortalibus
997 1032 1011 1052 ,
1044 997 1121 1045 fibi
1156 997 1242 1045 effe
1278 996 1430 1043 sacro-2

141 1071 334 1118 sancium
364 1071 488 1118 velit.
518 1070 655 1119 discat
687 1072 741 1119 ab
776 1072 852 1118 illo
885 1071 1191 1126 clementiam,
1222 1081 1352 1133 atque
1380 1067 1432 1114 fit

141 1145 370 1193 mitiffimo
400 1145 602 1193 omnium
645 1145 895 1209 principum
932 1145 1064 1194 mitis.
1106 1145 1257 1192 Debes
1285 1142 1433 1206 itaque

144 1234 300 1266 omnes
324 1217 488 1266 intueri
512 1235 616 1275 eos,
647 1235 762 1283 quos
793 1219 924 1282 paulo
953 1233 1053 1267 ante
1072 1218 1233 1274 retuli,
1257 1229 1331 1264 aut
1356 1216 1435 1262 ad-

143 1291 276 1340 scitos
302 1293 431 1340 coelo
451 1326 466 1349 ,
493 1306 565 1339 aut
596 1293 857 1356 proximos,
888 1309 932 1342 et
963 1294 1077 1342 ferre
1104 1310 1250 1357 aequo
1281 1290 1434 1338 animo

144 1362 395 1424 fortunam,
421 1366 474 1412 ad
502 1378 545 1412 te
574 1382 753 1429 quoque
783 1367 1083 1430 porrigentem
1114 1382 1268 1413 manus
1286 1400 1300 1423 ‚
1328 1379 1436 1426 quas

143 1453 199 1483 ne
221 1439 274 1484 ab
296 1439 356 1486 eis
375 1440 580 1503 quidem,
611 1456 691 1501 per
712 1456 827 1503 quos
850 1440 1049 1488 vivimus
1068 1476 1082 1498 ,
1111 1438 1307 1486 abstinet.
1334 1437 1435 1484 De-

143 1509 221 1557 bes
240 1511 417 1559 illorum
436 1513 597 1560 imitari
617 1512 870 1560 firmitatem
894 1513 938 1559 in
965 1512 1234 1576 perferendis
1251 1526 1294 1559 et
1311 1510 1437 1559 evin-

144 1584 295 1630 cendis
322 1585 551 1632 doloribus
570 1621 583 1643 ,
609 1597 651 1631 et
685 1585 730 1630 in
758 1598 970 1647 quantum
1005 1586 1144 1632 modo
1173 1583 1344 1631 homini
1371 1582 1437 1631 fas

145 1653 233 1713 est,
269 1674 346 1718 per
381 1658 530 1704 divina
557 1658 621 1704 ire
644 1657 836 1721 vestigia.
867 1658 1086 1718 Quamvis
1112 1657 1156 1703 in
1187 1657 1280 1705 aliis
1307 1657 1438 1704 rebus

147 1730 409 1793 dignitatum
446 1749 496 1778 ac
533 1730 813 1778 nobilitatum
853 1748 1009 1795 magna
1039 1730 1289 1777 discrimina
1323 1730 1459 1793 sint„

147 1803 287 1850 virtus
309 1804 352 1850 in
375 1805 524 1852 medio
545 1804 684 1868 posita
707 1803 766 1850 est
790 1823 800 1851 :
823 1807 1045 1852 neminem
1065 1805 1344 1867 dedignatur,
1362 1804 1437 1867 qui

147 1879 287 1925 modo
311 1879 492 1943 dignum
511 1879 551 1926 se
574 1880 643 1925 illa
663 1880 839 1928 iudicet.
861 1880 1048 1942 Optime
1069 1892 1184 1926 certe
1207 1880 1305 1927 illos
1328 1881 1435 1927 imi-

146 1952 327 2009 taberis,
351 1953 429 2016 qui
448 1970 547 1999 cum
570 1953 789 2016 indignari
809 1954 982 2016 pofl'ent
999 1970 1090 2000 non
1113 1953 1199 2000 effe
1218 1954 1336 2017 ipsos
1353 1972 1436 2001 ex-

147 2040 293 2088 pertes
313 2028 441 2074 huius
462 2027 563 2072 mali
582 2064 595 2083 ‚
620 2040 765 2074 tamen
786 2029 829 2073 in
850 2030 937 2074 hoc
959 2044 1050 2074 uno
1070 2028 1111 2075 se
1132 2030 1288 2076 ceteris
1307 2046 1435 2076 exae-

147 2101 271 2161 quari
297 2101 587 2155 hominibus=‚
622 2117 714 2147 non
744 2101 974 2160 iniuriam,
1005 2101 1076 2148 sed
1102 2103 1167 2148 ius
1188 2104 1436 2149 mortalita*

148 2176 203 2226 tis
237 2174 572 2230 ii1dicaverun13
614 2174 894 2238 tuleruntque
931 2192 1012 2222 nec
1046 2176 1179 2223 nimis
1209 2178 1366 2225 acerbe
1394 2192 1438 2225 ez

149 2246 295 2308 aspere
329 2249 450 2311 quod
483 2247 705 2296 acciderat
724 2285 737 2305 ‚
769 2265 851 2295 nec
881 2248 1074 2295 molliter
1102 2265 1145 2296 et
1172 2249 1437 2298 effeminate.

149 2322 263 2366 Nam
285 2334 327 2367 et
354 2339 445 2367 non
476 2321 637 2368 sentire
671 2323 781 2369 mala
810 2323 879 2368 sua
899 2360 914 2380 ‚
942 2340 1032 2369 non
1063 2322 1124 2370 est
1148 2324 1373 2371 hominis:
1395 2337 1438 2370 et

151 2410 241 2438 non
265 2394 378 2440 ferre
396 2430 408 2450 ‚
437 2411 528 2442 non
557 2394 617 2440 est
650 2395 748 2442 viri.
777 2398 882 2442 Non
912 2396 1085 2458 poffum
1118 2412 1264 2443 tamen
1285 2434 1298 2455 ‚
1334 2415 1435 2445 eum

151 2485 307 2517 omnes
334 2468 667 2517 circumiverim
689 2468 891 2517 Caesares
907 2505 920 2527 ‚
949 2469 1112 2534 quibus
1142 2469 1323 2518 fortuna
1347 2470 1437 2519 fra—
