<?xml version="1.0" encoding="UTF-8"?>
<!DOCTYPE html PUBLIC "-//W3C//DTD XHTML 1.0 Transitional//EN"
    "http://www.w3.org/TR/xhtml1/DTD/xhtml1-transitional.dtd">
<html xmlns="http://www.w3.org/1999/xhtml" xml:lang="en" lang="en">
 <head>
  <title>
</title>
<meta http-equiv="Content-Type" content="text/html;charset=utf-8" />
  <meta name='ocr-system' content='tesseract 3.04.00' />
  <meta name='ocr-capabilities' content='ocr_page ocr_carea ocr_par ocr_line ocrx_word'/>
</head>
<body>
  <div class='ocr_page' id='page_1' title='image "./lannaeisenecaeph01seneuoft_0089.png"; bbox 0 0 1741 2919; ppageno 0'>
   <div class='ocr_carea' id='block_1_1' title="bbox 464 152 1407 228">
    <p class='ocr_par' dir='ltr' id='par_1_1' title="bbox 464 152 1407 228">
     <span class='ocr_line' id='line_1_1' title="bbox 464 152 1407 228; baseline 0 -14"><span class='ocrx_word' id='word_1_1' title='bbox 464 168 567 215; x_wconf 79' lang='lat' dir='ltr'><strong>DE</strong></span> <span class='ocrx_word' id='word_1_2' title='bbox 618 168 749 213; x_wconf 79' lang='lat' dir='ltr'><strong>IRA</strong></span> <span class='ocrx_word' id='word_1_3' title='bbox 798 168 940 213; x_wconf 66' lang='grc' dir='ltr'><strong>ΜΒ.</strong></span> <span class='ocrx_word' id='word_1_4' title='bbox 990 168 1059 214; x_wconf 87' lang='lat'><strong>11.</strong></span> <span class='ocrx_word' id='word_1_5' title='bbox 1333 152 1407 228; x_wconf 80' lang='lat'><strong>&#39;43</strong></span> 
     </span>
    </p>
   </div>
   <div class='ocr_carea' id='block_1_2' title="bbox 96 273 1414 781">
    <p class='ocr_par' dir='ltr' id='par_1_2' title="bbox 96 273 1414 781">
     <span class='ocr_line' id='line_1_2' title="bbox 130 273 1413 339; baseline -0.001 -17"><span class='ocrx_word' id='word_1_6' title='bbox 130 273 189 322; x_wconf 82' lang='lat' dir='ltr'><strong>ita</strong></span> <span class='ocrx_word' id='word_1_7' title='bbox 207 291 286 322; x_wconf 87' lang='lat' dir='ltr'><strong>nec</strong></span> <span class='ocrx_word' id='word_1_8' title='bbox 304 274 529 339; x_wconf 87' lang='lat' dir='ltr'><strong>imperare.</strong></span> <span class='ocrx_word' id='word_1_9' title='bbox 551 276 655 321; x_wconf 93' lang='lat' dir='ltr'><strong>Non</strong></span> <span class='ocrx_word' id='word_1_10' title='bbox 673 275 790 321; x_wconf 85' lang='lat' dir='ltr'><strong>enim</strong></span> <span class='ocrx_word' id='word_1_11' title='bbox 811 274 992 321; x_wconf 87' lang='lat' dir='ltr'><strong>humani</strong></span> <span class='ocrx_word' id='word_1_12' title='bbox 1009 275 1101 321; x_wconf 88' lang='lat' dir='ltr'><strong>vim</strong></span> <span class='ocrx_word' id='word_1_13' title='bbox 1119 273 1309 338; x_wconf 81' lang='lat' dir='ltr'><strong>ingenii,</strong></span> <span class='ocrx_word' id='word_1_14' title='bbox 1341 273 1413 321; x_wconf 88' lang='lat' dir='ltr'><strong>sed</strong></span> 
     </span>
     <span class='ocr_line' id='line_1_3' title="bbox 130 346 1413 413; baseline 0.002 -21"><span class='ocrx_word' id='word_1_15' title='bbox 130 346 211 393; x_wconf 87' lang='lat' dir='ltr'><strong>feri</strong></span> <span class='ocrx_word' id='word_1_16' title='bbox 240 361 282 394; x_wconf 89' lang='lat' dir='ltr'><strong>et</strong></span> <span class='ocrx_word' id='word_1_17' title='bbox 313 347 594 395; x_wconf 66' lang='lat' dir='ltr'><strong>intractabilis</strong></span> <span class='ocrx_word' id='word_1_18' title='bbox 623 349 794 396; x_wconf 85' lang='lat' dir='ltr'><strong>habent.</strong></span> <span class='ocrx_word' id='word_1_19' title='bbox 821 366 954 396; x_wconf 89' lang='lat' dir='ltr'><strong>nemo</strong></span> <span class='ocrx_word' id='word_1_20' title='bbox 974 361 1119 395; x_wconf 87' lang='lat' dir='ltr'><strong>autem</strong></span> <span class='ocrx_word' id='word_1_21' title='bbox 1151 366 1302 413; x_wconf 85' lang='lat' dir='ltr'><strong>regere</strong></span> <span class='ocrx_word' id='word_1_22' title='bbox 1325 366 1413 412; x_wconf 90' lang='lat' dir='ltr'><strong>po-</strong></span> 
     </span>
     <span class='ocr_line' id='line_1_4' title="bbox 132 419 641 486; baseline 0.002 -19"><span class='ocrx_word' id='word_1_23' title='bbox 132 419 213 467; x_wconf 87' lang='lat' dir='ltr'><strong>test</strong></span> <span class='ocrx_word' id='word_1_24' title='bbox 231 457 244 477; x_wconf 87' lang='lat'>‚</span> <span class='ocrx_word' id='word_1_25' title='bbox 274 421 350 467; x_wconf 75' lang='lat' dir='ltr'><strong>nisi</strong></span> <span class='ocrx_word' id='word_1_26' title='bbox 374 423 448 486; x_wconf 85' lang='lat' dir='ltr'><strong>qui</strong></span> <span class='ocrx_word' id='word_1_27' title='bbox 475 435 518 469; x_wconf 88' lang='lat' dir='ltr'><strong>et</strong></span> <span class='ocrx_word' id='word_1_28' title='bbox 539 423 641 486; x_wconf 83' lang='lat' dir='ltr'><strong>regi.</strong></span> 
     </span>
     <span class='ocr_line' id='line_1_5' title="bbox 197 498 1411 562; baseline 0.002 -19"><span class='ocrx_word' id='word_1_29' title='bbox 197 498 322 544; x_wconf 86' lang='lat' dir='ltr'><strong>XVI.</strong></span> <span class='ocrx_word' id='word_1_30' title='bbox 342 499 447 544; x_wconf 90' lang='lat' dir='ltr'><strong>Fere</strong></span> <span class='ocrx_word' id='word_1_31' title='bbox 464 498 614 561; x_wconf 85' lang='lat' dir='ltr'><strong>itaque</strong></span> <span class='ocrx_word' id='word_1_32' title='bbox 640 498 823 560; x_wconf 87' lang='lat' dir='ltr'><strong>imperia</strong></span> <span class='ocrx_word' id='word_1_33' title='bbox 854 515 985 561; x_wconf 81' lang='lat' dir='ltr'><strong>penes</strong></span> <span class='ocrx_word' id='word_1_34' title='bbox 1013 515 1089 545; x_wconf 86' lang='lat' dir='ltr'><strong>eos</strong></span> <span class='ocrx_word' id='word_1_35' title='bbox 1114 498 1234 546; x_wconf 86' lang='lat' dir='ltr'><strong>fuere</strong></span> <span class='ocrx_word' id='word_1_36' title='bbox 1263 516 1411 562; x_wconf 82' lang='lat' dir='ltr'><strong>popu-</strong></span> 
     </span>
     <span class='ocr_line' id='line_1_6' title="bbox 96 571 1413 636; baseline -0.001 -18"><span class='ocrx_word' id='word_1_37' title='bbox 96 571 99 574; x_wconf 75' lang='grc'><strong>’</strong></span> <span class='ocrx_word' id='word_1_38' title='bbox 129 572 221 629; x_wconf 87' lang='lat' dir='ltr'><strong>los,</strong></span> <span class='ocrx_word' id='word_1_39' title='bbox 245 573 318 636; x_wconf 83' lang='lat' dir='ltr'><strong>qui</strong></span> <span class='ocrx_word' id='word_1_40' title='bbox 340 572 516 618; x_wconf 85' lang='lat' dir='ltr'><strong>mitiore</strong></span> <span class='ocrx_word' id='word_1_41' title='bbox 545 572 673 618; x_wconf 68' lang='lat' dir='ltr'><strong>coelo</strong></span> <span class='ocrx_word' id='word_1_42' title='bbox 701 585 880 618; x_wconf 79' lang='lat' dir='ltr'><strong>utuntur</strong></span> <span class='ocrx_word' id='word_1_43' title='bbox 904 591 913 618; x_wconf 73' lang='grc' dir='ltr'><em>τ</em></span> <span class='ocrx_word' id='word_1_44' title='bbox 946 573 988 618; x_wconf 84' lang='lat' dir='ltr'><strong>in</strong></span> <span class='ocrx_word' id='word_1_45' title='bbox 1017 571 1184 635; x_wconf 76' lang='lat' dir='ltr'>frigora</span> <span class='ocrx_word' id='word_1_46' title='bbox 1214 574 1413 634; x_wconf 85' lang='lat' dir='ltr'><strong>Septem-</strong></span> 
     </span>
     <span class='ocr_line' id='line_1_7' title="bbox 126 645 1414 711; baseline 0 -20"><span class='ocrx_word' id='word_1_47' title='bbox 126 646 407 708; x_wconf 83' lang='lat' dir='ltr'><strong>trionemque</strong></span> <span class='ocrx_word' id='word_1_48' title='bbox 429 647 709 711; x_wconf 80' lang='lat' dir='ltr'><strong>vergentibus</strong></span> <span class='ocrx_word' id='word_1_49' title='bbox 729 646 1011 693; x_wconf 74' lang='lat' dir='ltr'><strong>immansueta</strong></span> <span class='ocrx_word' id='word_1_50' title='bbox 1031 646 1205 710; x_wconf 81' lang='lat' dir='ltr'><strong>ingenia</strong></span> <span class='ocrx_word' id='word_1_51' title='bbox 1224 645 1345 705; x_wconf 85' lang='lat' dir='ltr'><strong>sunt,</strong></span> <span class='ocrx_word' id='word_1_52' title='bbox 1365 657 1414 691; x_wconf 91' lang='lat' dir='ltr'><strong>ut</strong></span> 
     </span>
     <span class='ocr_line' id='line_1_8' title="bbox 125 720 370 781; baseline 0 -16"><span class='ocrx_word' id='word_1_53' title='bbox 125 730 184 765; x_wconf 77' lang='lat' dir='ltr'><strong>ait</strong></span> <span class='ocrx_word' id='word_1_54' title='bbox 207 720 338 781; x_wconf 82' lang='lat' dir='ltr'><strong>poe&#39;ta</strong></span> <span class='ocrx_word' id='word_1_55' title='bbox 355 754 370 777; x_wconf 93' lang='lat'><strong>,</strong></span> 
     </span>
    </p>
   </div>
   <div class='ocr_carea' id='block_1_3' title="bbox 369 823 916 888">
    <p class='ocr_par' dir='ltr' id='par_1_3' title="bbox 369 823 916 888">
     <span class='ocr_line' id='line_1_9' title="bbox 369 823 916 888; baseline 0.004 -19"><span class='ocrx_word' id='word_1_56' title='bbox 369 823 530 885; x_wconf 72' lang='lat' dir='ltr'><strong>sitaque</strong></span> <span class='ocrx_word' id='word_1_57' title='bbox 549 823 768 888; x_wconf 77' lang='lat' dir='ltr'><strong>simillima</strong></span> <span class='ocrx_word' id='word_1_58' title='bbox 796 830 916 872; x_wconf 83' lang='lat' dir='ltr'><strong>coelo.</strong></span> 
     </span>
    </p>
   </div>
   <div class='ocr_carea' id='block_1_4' title="bbox 192 855 355 863">
    <p class='ocr_par' dir='ltr' id='par_1_4' title="bbox 192 855 355 863">
     <span class='ocr_line' id='line_1_10' title="bbox 192 855 355 863; baseline 0 0"><span class='ocrx_word' id='word_1_59' title='bbox 192 855 355 863; x_wconf 95' lang='lat' dir='ltr'><strong> </strong></span> 
     </span>
    </p>
   </div>
   <div class='ocr_carea' id='block_1_5' title="bbox 74 925 1413 2543">
    <p class='ocr_par' dir='ltr' id='par_1_5' title="bbox 74 925 1413 2543">
     <span class='ocr_line' id='line_1_11' title="bbox 125 925 1413 993; baseline 0.002 -21"><span class='ocrx_word' id='word_1_60' title='bbox 125 927 373 986; x_wconf 77' lang='lat' dir='ltr'>Animalia,</span> <span class='ocrx_word' id='word_1_61' title='bbox 408 927 550 991; x_wconf 85' lang='lat' dir='ltr'><strong>inquit</strong></span> <span class='ocrx_word' id='word_1_62' title='bbox 568 964 581 987; x_wconf 89' lang='lat'><strong>,</strong></span> <span class='ocrx_word' id='word_1_63' title='bbox 614 928 937 993; x_wconf 85' lang='lat' dir='ltr'><strong>generofiffirna</strong></span> <span class='ocrx_word' id='word_1_64' title='bbox 971 929 1186 975; x_wconf 80' lang='lat' dir='ltr'><strong>habentur</strong></span> <span class='ocrx_word' id='word_1_65' title='bbox 1205 962 1218 987; x_wconf 91' lang='lat'>‚</span> <span class='ocrx_word' id='word_1_66' title='bbox 1255 925 1413 990; x_wconf 84' lang='lat' dir='ltr'><strong>quibus</strong></span> 
     </span>
     <span class='ocr_line' id='line_1_12' title="bbox 125 1001 1412 1068; baseline 0.001 -21"><span class='ocrx_word' id='word_1_67' title='bbox 125 1001 311 1048; x_wconf 87' lang='lat' dir='ltr'><strong>multum</strong></span> <span class='ocrx_word' id='word_1_68' title='bbox 331 1002 438 1049; x_wconf 87' lang='lat' dir='ltr'><strong>inest</strong></span> <span class='ocrx_word' id='word_1_69' title='bbox 456 1004 557 1050; x_wconf 84' lang='lat' dir='ltr'><strong>irae.</strong></span> <span class='ocrx_word' id='word_1_70' title='bbox 579 1006 731 1062; x_wconf 83' lang='lat' dir='ltr'><strong>Errat,</strong></span> <span class='ocrx_word' id='word_1_71' title='bbox 761 1005 836 1068; x_wconf 91' lang='lat' dir='ltr'><strong>qui</strong></span> <span class='ocrx_word' id='word_1_72' title='bbox 854 1022 904 1052; x_wconf 84' lang='lat' dir='ltr'><strong>ea</strong></span> <span class='ocrx_word' id='word_1_73' title='bbox 926 1004 970 1050; x_wconf 86' lang='lat' dir='ltr'><strong>in</strong></span> <span class='ocrx_word' id='word_1_74' title='bbox 989 1003 1237 1066; x_wconf 84' lang='lat' dir='ltr'><strong>exemplum</strong></span> <span class='ocrx_word' id='word_1_75' title='bbox 1260 1003 1412 1049; x_wconf 87' lang='lat' dir='ltr'><strong>homi-</strong></span> 
     </span>
     <span class='ocr_line' id='line_1_13' title="bbox 123 1078 1412 1144; baseline -0.001 -16"><span class='ocrx_word' id='word_1_76' title='bbox 123 1081 192 1128; x_wconf 80' lang='lat' dir='ltr'><strong>nis</strong></span> <span class='ocrx_word' id='word_1_77' title='bbox 210 1080 406 1139; x_wconf 82' lang='lat' dir='ltr'><strong>adducit,</strong></span> <span class='ocrx_word' id='word_1_78' title='bbox 438 1080 597 1144; x_wconf 88' lang='lat' dir='ltr'><strong>quibus</strong></span> <span class='ocrx_word' id='word_1_79' title='bbox 619 1097 703 1144; x_wconf 89' lang='lat' dir='ltr'><strong>pro</strong></span> <span class='ocrx_word' id='word_1_80' title='bbox 728 1081 896 1128; x_wconf 78' lang='lat' dir='ltr'><strong>ratione</strong></span> <span class='ocrx_word' id='word_1_81' title='bbox 920 1079 980 1127; x_wconf 86' lang='lat' dir='ltr'><strong>est</strong></span> <span class='ocrx_word' id='word_1_82' title='bbox 999 1079 1188 1142; x_wconf 87' lang='lat' dir='ltr'><strong>impetus</strong></span> <span class='ocrx_word' id='word_1_83' title='bbox 1208 1095 1218 1125; x_wconf 93' lang='lat'>:</span> <span class='ocrx_word' id='word_1_84' title='bbox 1239 1078 1412 1127; x_wconf 86' lang='lat' dir='ltr'><strong>homini</strong></span> 
     </span>
     <span class='ocr_line' id='line_1_14' title="bbox 124 1152 1413 1218; baseline -0.002 -17"><span class='ocrx_word' id='word_1_85' title='bbox 124 1171 210 1218; x_wconf 87' lang='lat' dir='ltr'><strong>pro</strong></span> <span class='ocrx_word' id='word_1_86' title='bbox 229 1155 396 1218; x_wconf 89' lang='lat' dir='ltr'><strong>impetu</strong></span> <span class='ocrx_word' id='word_1_87' title='bbox 412 1192 425 1214; x_wconf 88' lang='lat'>,</span> <span class='ocrx_word' id='word_1_88' title='bbox 447 1157 562 1203; x_wconf 85' lang='lat' dir='ltr'><strong>ratio</strong></span> <span class='ocrx_word' id='word_1_89' title='bbox 581 1155 657 1202; x_wconf 88' lang='lat' dir='ltr'><strong>est.</strong></span> <span class='ocrx_word' id='word_1_90' title='bbox 681 1156 767 1202; x_wconf 87' lang='lat' dir='ltr'><strong>Sed</strong></span> <span class='ocrx_word' id='word_1_91' title='bbox 792 1172 872 1202; x_wconf 89' lang='lat' dir='ltr'><strong>nec</strong></span> <span class='ocrx_word' id='word_1_92' title='bbox 894 1155 977 1202; x_wconf 88' lang='lat' dir='ltr'><strong>illis</strong></span> <span class='ocrx_word' id='word_1_93' title='bbox 996 1153 1179 1217; x_wconf 86' lang='lat' dir='ltr'><strong>quidem</strong></span> <span class='ocrx_word' id='word_1_94' title='bbox 1201 1152 1413 1198; x_wconf 81' lang='lat' dir='ltr'><strong>omnibus</strong></span> 
     </span>
     <span class='ocr_line' id='line_1_15' title="bbox 124 1229 1411 1294; baseline -0.005 -18"><span class='ocrx_word' id='word_1_95' title='bbox 124 1230 242 1277; x_wconf 85' lang='lat' dir='ltr'><strong>idem</strong></span> <span class='ocrx_word' id='word_1_96' title='bbox 268 1230 460 1294; x_wconf 87' lang='lat' dir='ltr'><strong>prodest.</strong></span> <span class='ocrx_word' id='word_1_97' title='bbox 487 1230 714 1278; x_wconf 75' lang='lat' dir='ltr'><strong>Iracundia</strong></span> <span class='ocrx_word' id='word_1_98' title='bbox 745 1231 894 1277; x_wconf 86' lang='lat' dir='ltr'><strong>leones</strong></span> <span class='ocrx_word' id='word_1_99' title='bbox 918 1229 1126 1285; x_wconf 84' lang='lat' dir='ltr'><strong>adiuvat,</strong></span> <span class='ocrx_word' id='word_1_100' title='bbox 1157 1241 1299 1289; x_wconf 85' lang='lat' dir='ltr'><strong>pavor</strong></span> <span class='ocrx_word' id='word_1_101' title='bbox 1319 1241 1411 1271; x_wconf 90' lang='lat' dir='ltr'><strong>cer-</strong></span> 
     </span>
     <span class='ocr_line' id='line_1_16' title="bbox 124 1298 1411 1369; baseline -0.006 -17"><span class='ocrx_word' id='word_1_102' title='bbox 124 1322 239 1360; x_wconf 85' lang='lat' dir='ltr'><strong>vos,</strong></span> <span class='ocrx_word' id='word_1_103' title='bbox 272 1306 525 1368; x_wconf 85' lang='lat' dir='ltr'><strong>accipitrem</strong></span> <span class='ocrx_word' id='word_1_104' title='bbox 555 1305 776 1369; x_wconf 82' lang='lat' dir='ltr'><strong>impetus,</strong></span> <span class='ocrx_word' id='word_1_105' title='bbox 809 1304 1061 1351; x_wconf 72' lang='lat' dir='ltr'><strong>columbam</strong></span> <span class='ocrx_word' id='word_1_106' title='bbox 1099 1300 1217 1364; x_wconf 82' lang='lat' dir='ltr'><strong>fuga.</strong></span> <span class='ocrx_word' id='word_1_107' title='bbox 1256 1298 1411 1360; x_wconf 76' lang='lat' dir='ltr'><strong>Quid,</strong></span> 
     </span>
     <span class='ocr_line' id='line_1_17' title="bbox 122 1374 1411 1442; baseline -0.004 -18"><span class='ocrx_word' id='word_1_108' title='bbox 122 1378 247 1441; x_wconf 91' lang='lat' dir='ltr'><strong>quod</strong></span> <span class='ocrx_word' id='word_1_109' title='bbox 274 1395 328 1423; x_wconf 88' lang='lat' dir='ltr'><strong>ne</strong></span> <span class='ocrx_word' id='word_1_110' title='bbox 360 1378 466 1424; x_wconf 89' lang='lat' dir='ltr'><strong>illud</strong></span> <span class='ocrx_word' id='word_1_111' title='bbox 494 1378 677 1442; x_wconf 86' lang='lat' dir='ltr'><strong>quidem</strong></span> <span class='ocrx_word' id='word_1_112' title='bbox 705 1396 863 1426; x_wconf 87' lang='lat' dir='ltr'><strong>verum</strong></span> <span class='ocrx_word' id='word_1_113' title='bbox 895 1377 956 1424; x_wconf 88' lang='lat' dir='ltr'><strong>est</strong></span> <span class='ocrx_word' id='word_1_114' title='bbox 973 1412 987 1435; x_wconf 86' lang='lat'>‚</span> <span class='ocrx_word' id='word_1_115' title='bbox 1015 1375 1185 1440; x_wconf 82' lang='lat' dir='ltr'><strong>optima</strong></span> <span class='ocrx_word' id='word_1_116' title='bbox 1211 1374 1411 1421; x_wconf 84' lang='lat' dir='ltr'><strong>animalia</strong></span> 
     </span>
     <span class='ocr_line' id='line_1_18' title="bbox 119 1447 1410 1514; baseline -0.005 -17"><span class='ocrx_word' id='word_1_117' title='bbox 119 1450 209 1497; x_wconf 83' lang='lat' dir='ltr'><strong>effe</strong></span> <span class='ocrx_word' id='word_1_118' title='bbox 223 1449 573 1501; x_wconf 72' lang='lat' dir='ltr'><strong>iracundiffi&#39;ma?</strong></span> <span class='ocrx_word' id='word_1_119' title='bbox 592 1454 716 1499; x_wconf 82' lang='lat' dir='ltr'><strong>Feras</strong></span> <span class='ocrx_word' id='word_1_120' title='bbox 736 1464 887 1514; x_wconf 84' lang='lat' dir='ltr'><strong>putem</strong></span> <span class='ocrx_word' id='word_1_121' title='bbox 901 1487 913 1509; x_wconf 79' lang='lat'>,</span> <span class='ocrx_word' id='word_1_122' title='bbox 934 1450 1094 1514; x_wconf 85' lang='lat' dir='ltr'><strong>quibus</strong></span> <span class='ocrx_word' id='word_1_123' title='bbox 1110 1465 1165 1495; x_wconf 82' lang='lat' dir='ltr'><strong>ex</strong></span> <span class='ocrx_word' id='word_1_124' title='bbox 1183 1459 1311 1510; x_wconf 84' lang='lat' dir='ltr'><strong>raptu</strong></span> <span class='ocrx_word' id='word_1_125' title='bbox 1331 1447 1410 1492; x_wconf 83' lang='lat' dir='ltr'><strong>ali-</strong></span> 
     </span>
     <span class='ocr_line' id='line_1_19' title="bbox 74 1522 1409 1586; baseline -0.001 -15"><span class='ocrx_word' id='word_1_126' title='bbox 74 1562 76 1564; x_wconf 22' lang='lat'>*</span> <span class='ocrx_word' id='word_1_127' title='bbox 120 1537 267 1571; x_wconf 86' lang='lat' dir='ltr'><strong>menta</strong></span> <span class='ocrx_word' id='word_1_128' title='bbox 288 1523 408 1580; x_wconf 86' lang='lat' dir='ltr'><strong>sunt,</strong></span> <span class='ocrx_word' id='word_1_129' title='bbox 430 1524 633 1571; x_wconf 79' lang='lat' dir='ltr'><strong>meliores</strong></span> <span class='ocrx_word' id='word_1_130' title='bbox 647 1561 661 1584; x_wconf 86' lang='lat'>,</span> <span class='ocrx_word' id='word_1_131' title='bbox 685 1542 776 1584; x_wconf 75' lang='lat' dir='ltr'><strong>quo</strong></span> <span class='ocrx_word' id='word_1_132' title='bbox 796 1525 994 1572; x_wconf 86' lang='lat' dir='ltr'><strong>iratiores</strong></span> <span class='ocrx_word' id='word_1_133' title='bbox 1012 1541 1023 1570; x_wconf 90' lang='lat'><strong>:</strong></span> <span class='ocrx_word' id='word_1_134' title='bbox 1046 1522 1297 1586; x_wconf 85' lang='lat' dir='ltr'><strong>patientiam</strong></span> <span class='ocrx_word' id='word_1_135' title='bbox 1316 1522 1409 1569; x_wconf 89' lang='lat' dir='ltr'><strong>lau·-</strong></span> 
     </span>
     <span class='ocr_line' id='line_1_20' title="bbox 121 1595 1407 1661; baseline -0.003 -16"><span class='ocrx_word' id='word_1_136' title='bbox 121 1598 321 1645; x_wconf 88' lang='lat' dir='ltr'><strong>daverim</strong></span> <span class='ocrx_word' id='word_1_137' title='bbox 334 1599 471 1644; x_wconf 86' lang='lat' dir='ltr'><strong>boum</strong></span> <span class='ocrx_word' id='word_1_138' title='bbox 482 1635 493 1653; x_wconf 81' lang='lat'>‚</span> <span class='ocrx_word' id='word_1_139' title='bbox 506 1614 550 1645; x_wconf 90' lang='lat' dir='ltr'><strong>et</strong></span> <span class='ocrx_word' id='word_1_140' title='bbox 561 1615 779 1661; x_wconf 76' lang='lat' dir='ltr'><strong>equorum</strong></span> <span class='ocrx_word' id='word_1_141' title='bbox 793 1598 965 1644; x_wconf 79' lang='lat' dir='ltr'><strong>fraenos</strong></span> <span class='ocrx_word' id='word_1_142' title='bbox 981 1595 1267 1660; x_wconf 86' lang='lat' dir='ltr'><strong>sequentium.</strong></span> <span class='ocrx_word' id='word_1_143' title='bbox 1284 1595 1407 1655; x_wconf 82' lang='lat' dir='ltr'><strong>Quid</strong></span> 
     </span>
     <span class='ocr_line' id='line_1_21' title="bbox 121 1669 1408 1731; baseline -0.005 -12"><span class='ocrx_word' id='word_1_144' title='bbox 121 1683 266 1719; x_wconf 88' lang='lat' dir='ltr'><strong>autem</strong></span> <span class='ocrx_word' id='word_1_145' title='bbox 288 1671 374 1729; x_wconf 88' lang='lat' dir='ltr'><strong>est,</strong></span> <span class='ocrx_word' id='word_1_146' title='bbox 396 1689 473 1718; x_wconf 90' lang='lat' dir='ltr'><strong>cur</strong></span> <span class='ocrx_word' id='word_1_147' title='bbox 489 1672 714 1718; x_wconf 79' lang='lat' dir='ltr'><strong>hominem</strong></span> <span class='ocrx_word' id='word_1_148' title='bbox 735 1672 790 1717; x_wconf 90' lang='lat' dir='ltr'><strong>ad</strong></span> <span class='ocrx_word' id='word_1_149' title='bbox 810 1684 898 1718; x_wconf 83' lang='lat' dir='ltr'><strong>tam</strong></span> <span class='ocrx_word' id='word_1_150' title='bbox 919 1670 1109 1717; x_wconf 80' lang='lat' dir='ltr'><strong>infelicia</strong></span> <span class='ocrx_word' id='word_1_151' title='bbox 1125 1669 1327 1731; x_wconf 85' lang='lat' dir='ltr'><strong>exempla</strong></span> <span class='ocrx_word' id='word_1_152' title='bbox 1343 1684 1408 1714; x_wconf 88' lang='lat' dir='ltr'><strong>re·</strong></span> 
     </span>
     <span class='ocr_line' id='line_1_22' title="bbox 120 1744 1407 1807; baseline -0.003 -14"><span class='ocrx_word' id='word_1_153' title='bbox 120 1760 259 1794; x_wconf 85' lang='lat' dir='ltr'><strong>voces</strong></span> <span class='ocrx_word' id='word_1_154' title='bbox 278 1779 293 1801; x_wconf 85' lang='lat'>‚</span> <span class='ocrx_word' id='word_1_155' title='bbox 313 1760 413 1791; x_wconf 88' lang='lat' dir='ltr'><strong>cum</strong></span> <span class='ocrx_word' id='word_1_156' title='bbox 441 1745 597 1792; x_wconf 81' lang='lat' dir='ltr'><strong>habeas</strong></span> <span class='ocrx_word' id='word_1_157' title='bbox 624 1746 860 1803; x_wconf 82' lang='lat' dir='ltr'><strong>mundum,</strong></span> <span class='ocrx_word' id='word_1_158' title='bbox 894 1744 1163 1807; x_wconf 80' lang='lat' dir='ltr'><strong>Deumque,</strong></span> <span class='ocrx_word' id='word_1_159' title='bbox 1196 1759 1325 1807; x_wconf 88' lang='lat' dir='ltr'><strong>quem</strong></span> <span class='ocrx_word' id='word_1_160' title='bbox 1352 1759 1407 1789; x_wconf 85' lang='lat' dir='ltr'><strong>ex</strong></span> 
     </span>
     <span class='ocr_line' id='line_1_23' title="bbox 120 1813 1407 1876; baseline -0.002 -12"><span class='ocrx_word' id='word_1_161' title='bbox 120 1816 327 1864; x_wconf 87' lang='lat' dir='ltr'><strong>omnibus</strong></span> <span class='ocrx_word' id='word_1_162' title='bbox 345 1817 626 1876; x_wconf 80' lang='lat' dir='ltr'><strong>animalibus,</strong></span> <span class='ocrx_word' id='word_1_163' title='bbox 656 1832 704 1865; x_wconf 88' lang='lat' dir='ltr'><strong>ut</strong></span> <span class='ocrx_word' id='word_1_164' title='bbox 725 1818 838 1864; x_wconf 75' lang='lat' dir='ltr'><strong>solus</strong></span> <span class='ocrx_word' id='word_1_165' title='bbox 865 1818 1062 1864; x_wconf 82' lang='lat' dir='ltr'><strong>imitetur</strong></span> <span class='ocrx_word' id='word_1_166' title='bbox 1077 1853 1091 1874; x_wconf 83' lang='lat'>‚</span> <span class='ocrx_word' id='word_1_167' title='bbox 1113 1813 1230 1863; x_wconf 90' lang='lat' dir='ltr'><strong>solus</strong></span> <span class='ocrx_word' id='word_1_168' title='bbox 1248 1815 1407 1862; x_wconf 87' lang='lat' dir='ltr'><strong>intelli-</strong></span> 
     </span>
     <span class='ocr_line' id='line_1_24' title="bbox 119 1887 1407 1953; baseline -0.002 -17"><span class='ocrx_word' id='word_1_169' title='bbox 119 1889 212 1953; x_wconf 88' lang='lat' dir='ltr'><strong>git?</strong></span> <span class='ocrx_word' id='word_1_170' title='bbox 238 1887 570 1950; x_wconf 81' lang='lat' dir='ltr'><strong>Simpliciffimi‚</strong></span> <span class='ocrx_word' id='word_1_171' title='bbox 589 1890 759 1953; x_wconf 79' lang='lat' dir='ltr'><strong>inquit,</strong></span> <span class='ocrx_word' id='word_1_172' title='bbox 778 1890 980 1936; x_wconf 85' lang='lat' dir='ltr'><strong>omnium</strong></span> <span class='ocrx_word' id='word_1_173' title='bbox 1001 1888 1217 1934; x_wconf 86' lang='lat' dir='ltr'><strong>habentur</strong></span> <span class='ocrx_word' id='word_1_174' title='bbox 1235 1888 1407 1935; x_wconf 85' lang='lat' dir='ltr'><strong>iracun-</strong></span> 
     </span>
     <span class='ocr_line' id='line_1_25' title="bbox 118 1962 1406 2025; baseline 0.002 -16"><span class='ocrx_word' id='word_1_175' title='bbox 118 1962 179 2009; x_wconf 89' lang='lat' dir='ltr'><strong>di.</strong></span> <span class='ocrx_word' id='word_1_176' title='bbox 218 1962 515 2009; x_wconf 83' lang='lat' dir='ltr'><strong>Fraudulentis</strong></span> <span class='ocrx_word' id='word_1_177' title='bbox 546 1963 664 2009; x_wconf 86' lang='lat' dir='ltr'><strong>enim</strong></span> <span class='ocrx_word' id='word_1_178' title='bbox 699 1975 742 2009; x_wconf 87' lang='lat' dir='ltr'><strong>et</strong></span> <span class='ocrx_word' id='word_1_179' title='bbox 778 1963 963 2010; x_wconf 86' lang='lat' dir='ltr'><strong>versutis</strong></span> <span class='ocrx_word' id='word_1_180' title='bbox 998 1974 1309 2025; x_wconf 84' lang='lat' dir='ltr'><strong>comparantur</strong></span> <span class='ocrx_word' id='word_1_181' title='bbox 1328 1981 1339 2010; x_wconf 93' lang='lat'><strong>:</strong></span> <span class='ocrx_word' id='word_1_182' title='bbox 1363 1974 1406 2024; x_wconf 75' lang='lat' dir='ltr'><strong>et</strong></span> 
     </span>
     <span class='ocr_line' id='line_1_26' title="bbox 119 2036 1403 2101; baseline 0.003 -19"><span class='ocrx_word' id='word_1_183' title='bbox 119 2036 339 2100; x_wconf 75' lang='lat' dir='ltr'><strong>simplices</strong></span> <span class='ocrx_word' id='word_1_184' title='bbox 366 2036 573 2083; x_wconf 88' lang='lat' dir='ltr'><strong>videntur</strong></span> <span class='ocrx_word' id='word_1_185' title='bbox 591 2073 605 2094; x_wconf 91' lang='lat'><em>‚</em></span> <span class='ocrx_word' id='word_1_186' title='bbox 635 2038 738 2100; x_wconf 79' lang='lat' dir='ltr'><strong>quia</strong></span> <span class='ocrx_word' id='word_1_187' title='bbox 756 2039 943 2101; x_wconf 79' lang='lat' dir='ltr'><strong>expofiti</strong></span> <span class='ocrx_word' id='word_1_188' title='bbox 961 2038 1070 2085; x_wconf 87' lang='lat' dir='ltr'><strong>sunt.</strong></span> <span class='ocrx_word' id='word_1_189' title='bbox 1089 2055 1203 2101; x_wconf 86' lang='lat' dir='ltr'><strong>quos</strong></span> <span class='ocrx_word' id='word_1_190' title='bbox 1222 2037 1403 2101; x_wconf 89' lang='lat' dir='ltr'><strong>quidem</strong></span> 
     </span>
     <span class='ocr_line' id='line_1_27' title="bbox 119 2109 1405 2173; baseline 0.002 -17"><span class='ocrx_word' id='word_1_191' title='bbox 119 2126 213 2156; x_wconf 90' lang='lat' dir='ltr'><strong>non</strong></span> <span class='ocrx_word' id='word_1_192' title='bbox 231 2109 446 2173; x_wconf 73' lang='lat' dir='ltr'><strong>simplices</strong></span> <span class='ocrx_word' id='word_1_193' title='bbox 465 2111 650 2158; x_wconf 79' lang='lat' dir='ltr'><strong>dixerim</strong></span> <span class='ocrx_word' id='word_1_194' title='bbox 666 2144 680 2166; x_wconf 93' lang='lat'>‚</span> <span class='ocrx_word' id='word_1_195' title='bbox 697 2112 767 2158; x_wconf 88' lang='lat' dir='ltr'><strong>sed</strong></span> <span class='ocrx_word' id='word_1_196' title='bbox 781 2113 996 2161; x_wconf 86' lang='lat' dir='ltr'><strong>incautos.</strong></span> <span class='ocrx_word' id='word_1_197' title='bbox 1015 2113 1160 2160; x_wconf 88' lang='lat' dir='ltr'><strong>Stultis</strong></span> <span class='ocrx_word' id='word_1_198' title='bbox 1174 2147 1188 2168; x_wconf 92' lang='lat'>‚</span> <span class='ocrx_word' id='word_1_199' title='bbox 1206 2111 1405 2159; x_wconf 85' lang='lat' dir='ltr'><strong>luxurio-</strong></span> 
     </span>
     <span class='ocr_line' id='line_1_28' title="bbox 118 2181 1405 2249; baseline 0.003 -21"><span class='ocrx_word' id='word_1_200' title='bbox 118 2181 200 2237; x_wconf 85' lang='lat' dir='ltr'><strong>fis,</strong></span> <span class='ocrx_word' id='word_1_201' title='bbox 220 2183 541 2247; x_wconf 85' lang='lat' dir='ltr'><strong>nepotibusque</strong></span> <span class='ocrx_word' id='word_1_202' title='bbox 565 2184 653 2231; x_wconf 91' lang='lat' dir='ltr'><strong>hoc</strong></span> <span class='ocrx_word' id='word_1_203' title='bbox 681 2201 846 2232; x_wconf 89' lang='lat' dir='ltr'><strong>nomen</strong></span> <span class='ocrx_word' id='word_1_204' title='bbox 864 2186 1163 2249; x_wconf 84' lang='lat' dir='ltr'><strong>imponimus,</strong></span> <span class='ocrx_word' id='word_1_205' title='bbox 1196 2195 1240 2231; x_wconf 90' lang='lat' dir='ltr'><strong>et</strong></span> <span class='ocrx_word' id='word_1_206' title='bbox 1257 2184 1405 2232; x_wconf 87' lang='lat' dir='ltr'><strong>omni-</strong></span> 
     </span>
     <span class='ocr_line' id='line_1_29' title="bbox 116 2253 725 2317; baseline 0.005 -17"><span class='ocrx_word' id='word_1_207' title='bbox 116 2253 197 2300; x_wconf 89' lang='lat' dir='ltr'><strong>bus</strong></span> <span class='ocrx_word' id='word_1_208' title='bbox 224 2254 344 2302; x_wconf 87' lang='lat' dir='ltr'><strong>vitiis</strong></span> <span class='ocrx_word' id='word_1_209' title='bbox 365 2272 519 2317; x_wconf 88' lang='lat' dir='ltr'><strong>parum</strong></span> <span class='ocrx_word' id='word_1_210' title='bbox 545 2256 725 2305; x_wconf 87' lang='lat' dir='ltr'><strong>callidis.</strong></span> 
     </span>
     <span class='ocr_line' id='line_1_30' title="bbox 184 2328 1403 2396; baseline 0.005 -20"><span class='ocrx_word' id='word_1_211' title='bbox 184 2328 328 2376; x_wconf 91' lang='lat' dir='ltr'><strong>XVII.</strong></span> <span class='ocrx_word' id='word_1_212' title='bbox 348 2331 516 2378; x_wconf 87' lang='lat' dir='ltr'><strong>Orator</strong></span> <span class='ocrx_word' id='word_1_213' title='bbox 530 2367 544 2389; x_wconf 92' lang='lat'>‚</span> <span class='ocrx_word' id='word_1_214' title='bbox 564 2331 727 2395; x_wconf 87' lang='lat' dir='ltr'><strong>inquit,</strong></span> <span class='ocrx_word' id='word_1_215' title='bbox 748 2331 880 2381; x_wconf 88' lang='lat' dir='ltr'><strong>iratus</strong></span> <span class='ocrx_word' id='word_1_216' title='bbox 898 2333 1136 2396; x_wconf 80' lang='lat' dir='ltr'><strong>aliquando</strong></span> <span class='ocrx_word' id='word_1_217' title='bbox 1150 2332 1310 2381; x_wconf 89' lang='lat' dir='ltr'><strong>melior</strong></span> <span class='ocrx_word' id='word_1_218' title='bbox 1329 2333 1403 2383; x_wconf 83' lang='lat' dir='ltr'><strong>est.</strong></span> 
     </span>
     <span class='ocr_line' id='line_1_31' title="bbox 118 2401 1404 2469; baseline 0.005 -23"><span class='ocrx_word' id='word_1_219' title='bbox 118 2402 264 2447; x_wconf 87' lang='lat' dir='ltr'><strong>Immo</strong></span> <span class='ocrx_word' id='word_1_220' title='bbox 281 2401 471 2451; x_wconf 85' lang='lat' dir='ltr'><strong>imitatus</strong></span> <span class='ocrx_word' id='word_1_221' title='bbox 491 2403 664 2450; x_wconf 89' lang='lat' dir='ltr'><strong>iratum.</strong></span> <span class='ocrx_word' id='word_1_222' title='bbox 683 2421 783 2454; x_wconf 85' lang='lat' dir='ltr'><strong>nam</strong></span> <span class='ocrx_word' id='word_1_223' title='bbox 805 2418 847 2453; x_wconf 90' lang='lat' dir='ltr'><strong>et</strong></span> <span class='ocrx_word' id='word_1_224' title='bbox 870 2405 1102 2456; x_wconf 78' lang='lat' dir='ltr'><strong>histriones</strong></span> <span class='ocrx_word' id='word_1_225' title='bbox 1126 2406 1171 2453; x_wconf 87' lang='lat' dir='ltr'><strong>in</strong></span> <span class='ocrx_word' id='word_1_226' title='bbox 1200 2423 1404 2469; x_wconf 83' lang='lat' dir='ltr'><strong>pronun·</strong></span> 
     </span>
     <span class='ocr_line' id='line_1_32' title="bbox 117 2475 1403 2543; baseline 0.004 -20"><span class='ocrx_word' id='word_1_227' title='bbox 117 2475 272 2524; x_wconf 84' lang='lat' dir='ltr'><strong>tiando</strong></span> <span class='ocrx_word' id='word_1_228' title='bbox 297 2493 389 2524; x_wconf 90' lang='lat' dir='ltr'><strong>non</strong></span> <span class='ocrx_word' id='word_1_229' title='bbox 412 2477 509 2526; x_wconf 81' lang='lat' dir='ltr'><strong>irati</strong></span> <span class='ocrx_word' id='word_1_230' title='bbox 529 2480 749 2543; x_wconf 83' lang='lat' dir='ltr'><strong>populum</strong></span> <span class='ocrx_word' id='word_1_231' title='bbox 770 2491 985 2538; x_wconf 85' lang='lat' dir='ltr'><strong>movent,</strong></span> <span class='ocrx_word' id='word_1_232' title='bbox 1013 2480 1085 2527; x_wconf 88' lang='lat' dir='ltr'><strong>sed</strong></span> <span class='ocrx_word' id='word_1_233' title='bbox 1109 2481 1268 2539; x_wconf 77' lang='lat' dir='ltr'><strong>iratum</strong></span> <span class='ocrx_word' id='word_1_234' title='bbox 1288 2481 1403 2528; x_wconf 88' lang='lat' dir='ltr'><strong>bene</strong></span> 
     </span>
    </p>
   </div>
  </div>
 </body>
</html>
