1741 2919
306 166 400 210 204
567 154 616 199 L.
658 152 950 199 ANNAEI
992 154 1332 200 SENECAE

303 257 546 320 premitur,
565 275 646 305 nec
665 258 882 307 conviciis
900 258 1080 324 quidem
1100 259 1197 307 ullis
1217 261 1492 309 verecundae
1511 278 1582 309 au-

281 325 372 376 ‘res
405 329 691 377 verberantur
721 349 732 378 :
765 332 883 379 nulla
912 332 1088 396 publica
1115 333 1256 380 clades
1283 333 1582 397 prospicitur,

302 403 418 449 nulla
446 405 644 466 privata:
671 423 760 453 non
777 406 968 454 solicitus
988 407 1121 455 futuri
1142 409 1303 472 pendet
1320 426 1375 455 ex
1392 425 1552 456 eventu
1568 445 1583 469 ‚

300 476 474 540 semper
493 480 729 528 incertiora
754 483 1023 546 rependenti.
1051 485 1252 532 Tandem
1277 483 1338 531 ibi
1359 483 1584 543 constitit,

301 551 420 603 unde
446 552 504 598 nil
524 571 623 600 eum
652 554 806 617 pellat,
833 556 908 602 ubi
934 556 994 602 nil
1019 570 1194 605 terreat.

369 622 477 669 XX.
519 627 565 671 O
603 626 778 690 ignaros
811 628 1028 675 malorum
1064 630 1240 677 suorum
1263 666 1276 687 ‚
1305 629 1467 694 quibus
1495 646 1586 676 non

303 711 424 742 mors
451 711 498 743 ut
531 699 752 761 optimum
775 700 1003 748 inventum
1025 715 1199 749 naturae
1217 701 1441 748 laudatur!
1472 718 1586 765 quae

301 767 393 815 five
430 769 683 819 felicitatem
713 774 932 832 includit,
960 775 1047 822 five
1075 775 1363 823 calamitatem
1389 776 1586 838 repellit,

303 839 394 886 five
423 843 659 891 satietatem
688 861 762 893 aut
791 846 1080 895 lassitudinem
1109 847 1220 894 senis
1249 848 1477 902 terminat,
1499 848 1588 893 five

304 912 497 962 iuvenile
517 935 699 976 aevum,
727 920 829 965 dum
853 920 1035 967 meliora
1052 920 1292 983 sperantur,
1312 920 1354 965 in
1384 919 1494 966 flore
1516 920 1588 966 de·

303 985 451 1044 ducit,
476 989 566 1036 sive
595 992 824 1051 pueritiam
845 1007 944 1039 ante
972 993 1174 1039 duriores
1192 993 1350 1055 gradus
1374 1007 1586 1038 reve-cat:

303 1059 513 1108 omnibus
530 1061 629 1109 finis
641 1098 655 1118 ,
674 1065 822 1110 multis
839 1065 1083 1111 remedium
1100 1101 1114 1123 ,
1137 1064 1395 1128 φιὼυὲάεῑῐῃ
1416 1076 1592 1121 votum,

305 1130 360 1176 de
391 1133 518 1187 nullis
547 1135 699 1182 melius
726 1137 908 1193 merita,
939 1154 1072 1199 quam
1091 1138 1144 1184 de
1170 1137 1236 1183 his
1255 1137 1308 1182 ad
1335 1153 1450 1199 quos
1472 1136 1593 1182 venit

305 1217 540 1267 antequam
573 1207 871 1254 invocaretur.
900 1208 1023 1255 Haec
1052 1208 1310 1256 servitutem
1334 1207 1480 1256 inviro
1510 1209 1593 1254 do-

306 1276 434 1324 mino
452 1280 637 1327 remittit
660 1300 669 1327 :
692 1282 798 1329 haec
824 1283 1105 1345 captivorum
1124 1294 1297 1330 catenas
1316 1281 1433 1327 levat
1456 1300 1465 1327 z
1487 1281 1593 1327 haec

306 1364 330 1394 e
351 1364 524 1397 carcere
545 1353 723 1407 educit,
743 1370 856 1415 quos
876 1354 997 1401 exire
1017 1353 1253 1417 imperium
1273 1352 1495 1414 impotens
1514 1369 1592 1398 ve-

308 1431 466 1468 tuerat.
504 1423 610 1471 haec
645 1425 862 1473 exsulibus
895 1427 939 1472 in
969 1428 1155 1489 patriam
1190 1425 1362 1488 semper
1398 1425 1594 1470 animum

309 1495 556 1559 oculosque
579 1499 881 1554 tendentibus,
914 1500 1133 1552 ostendit,
1163 1497 1272 1544 nihil
1295 1496 1498 1544 interesse
1530 1498 1594 1542 in·

309 1579 376 1614 ter
393 1586 507 1631 quos
527 1571 711 1634 quisque
731 1572 880 1619 iaceat.
897 1573 1020 1630 haec,
1041 1573 1116 1618 ubi
1135 1587 1204 1618 res
1221 1586 1480 1618 communes
1501 1569 1594 1616 for-

310 1650 414 1685 tuna
441 1642 549 1688 male
579 1643 749 1701 divisit,
777 1660 821 1692 et
851 1660 995 1707 aequo
1024 1643 1120 1690 iure
1152 1641 1325 1705 genitos
1355 1641 1490 1687 alium
1523 1640 1597 1687 alii

311 1715 499 1764 donavit
518 1754 530 1774 ‚
551 1734 768 1782 exaequat
789 1719 952 1766 omnia.
975 1720 1081 1766 haec
1101 1718 1185 1774 est,
1205 1735 1316 1783 quae
1341 1717 1450 1763 nihil
1469 1717 1596 1781 quid-

311 1804 445 1851 quam
476 1789 618 1838 alieno
647 1791 751 1838 fecit
783 1791 978 1838 arbitrio.
1011 1792 1119 1838 haec
1151 1791 1238 1847 est,
1265 1792 1312 1838 in
1341 1806 1428 1853 qua
1459 1806 1597 1836 nemo

311 1861 604 1910 humilitatem
631 1863 751 1910 suam
777 1864 914 1911 sensit.
940 1865 1047 1912 haec
1068 1864 1155 1923 est,
1177 1882 1289 1929 quae
1317 1863 1422 1910 nulli
1443 1863 1598 1925 paruit.

312 1936 421 1984 haec
446 1936 530 1995 est,
554 1939 749 1998 Marcia,
768 1956 898 2003 quam
921 1953 1040 2002 pater
1058 1951 1154 1987 tuus
1173 1938 1446 2002 concupivit.
1475 1938 1598 1984 Haec

312 2010 402 2070 est,
438 2012 647 2076 inquam,
677 2031 787 2077 quae
817 2014 979 2073 efficit,
1010 2027 1056 2060 ut
1088 2013 1204 2061 nasci
1232 2029 1322 2060 non
1350 2012 1399 2058 fit
1430 2011 1596 2074 suppli-

314 2082 434 2131 cium
457 2103 468 2131 ;
490 2101 600 2149 quae
625 2086 779 2143 efficit,
799 2102 847 2134 ut
867 2104 957 2133 non
979 2086 1209 2134 concidam
1229 2084 1435 2132 adversus
1461 2085 1598 2131 minas

316 2159 489 2206 casuum
505 2191 518 2213 ‚
540 2172 588 2205 ut
608 2160 780 2207 servare
810 2161 1007 2206 animum
1024 2161 1192 2207 salvum
1213 2176 1263 2223 ac
1288 2171 1512 2221 potentem
1533 2159 1599 2206 sui

318 2231 493 2295 poffim.
515 2232 672 2279 Habeo
691 2250 780 2297 quo
807 2232 1035 2296 appellam.
1059 2231 1204 2278 Video
1225 2230 1317 2278 istic
1337 2248 1486 2278 cruces
1508 2247 1599 2277 non

318 2305 446 2352 unius
476 2305 656 2369 quidem
682 2307 875 2371 generis,
902 2306 975 2354 sed
997 2307 1129 2353 aliter
1157 2305 1211 2352 ab
1238 2305 1332 2352 aliis
1358 2304 1599 2351 fabricatas.

321 2378 463 2442 capite
487 2380 666 2442 quidam
700 2380 944 2428 conversos
966 2381 1011 2426 in
1033 2394 1190 2427 terram
1221 2379 1504 2442 suspendere,
1530 2377 1598 2424 alii

322 2469 402 2515 per
427 2451 645 2500 obscoena
668 2453 854 2517 stipitem
882 2466 1091 2518 egerunt,
1116 2454 1187 2500 alii
1217 2453 1392 2500 brachia
1420 2452 1598 2515 patibu-
