1741 2919
463 167 568 213 DE
617 170 745 213 {aa
800 169 935 215 ΗΒ.
986 170 1052 214 11.
1212 162 1216 174 '
1340 185 1396 227 μ

125 285 194 321 tus
215 273 354 322 defuit
372 273 390 322 ἒ
416 291 507 321 non
528 274 589 321 est
605 276 727 339 quod
747 275 887 333 dicas,
905 275 1051 322 excidi
1072 292 1163 322 non
1182 274 1316 338 posse.
1336 275 1401 322 sa-

124 347 335 395 nabilibus
364 359 637 411 aegrotamus
667 348 817 394 malis:
845 347 1019 411 ipsaque
1050 364 1130 394 nos
1162 347 1207 393 in
1238 349 1401 395 rectum

122 420 295 482 genitos
315 433 488 477 natura,
514 420 543 465 si
561 422 782 467 emendari
802 421 988 467 velimus
1002 456 1014 478 ‚
1040 420 1176 467 iuvat.
1195 422 1293 468 Nec
1309 457 1322 479 ‚
1355 434 1403 469 ut

123 494 381 555 quibusdam
413 495 574 542 dicium
606 495 691 554 est,
721 496 903 542 arduum
928 495 973 541 in
999 495 1186 543 virtutes
1214 511 1258 543 et
1281 497 1401 558 aspe-

121 582 218 612 rum
238 565 320 632 itets
339 566 428 614 est:
449 568 581 629 plano
602 568 831 614 adeuntur.
863 569 969 614 Non
996 586 1135 616 vanae
1153 569 1283 618 vobis
1303 586 1404 616 auc-

120 650 192 684 tor
217 639 281 685 rei
299 640 448 688 venio.
475 640 611 687 facilis
636 639 697 687 est
726 641 779 686 ad
802 641 972 687 beatam
999 641 1135 688 vitam
1157 642 1229 687 via
1257 660 1267 688 :
1297 642 1404 689 inite

118 712 259 758 modo
287 713 416 760 bonis
439 712 636 776 auspiciis
653 749 665 770 ‚
686 711 872 776 ipfisque
897 714 978 761 diis
1002 714 1112 761 bene
1135 713 1403 760 iuvantibus.

117 785 265 832 Multo
297 787 514 836 difficilius
545 787 606 835 est
627 825 639 846 ,
673 786 819 834 facere
854 785 929 833 ista
966 804 1077 850 quae
1109 787 1262 835 facitis.
1293 788 1401 850 quid

117 861 233 907 enim
269 861 417 925 quiete
446 861 629 909 otiosius
662 861 828 907 animi?
868 860 975 924 quid
1012 861 1075 906 ira
1112 860 1398 907 laboriosius?

117 935 224 998 quid
256 936 483 984 clementia
511 936 752 984 remiflius?
786 933 891 998 {guid
921 935 1171 987 crudelitate
1197 935 1403 998 negotio-

115 1009 199 1056 fius
217 1013 233 1055 ?
257 1011 397 1056 Vacat
423 1010 632 1073 pudicitia
651 1043 665 1065 ‚
693 1009 832 1056 libido
857 1009 1184 1069 occupatifiima
1202 1010 1275 1057 est.
1297 1027 1402 1056 om·-

115 1080 234 1127 nium
258 1083 446 1146 denique
474 1084 685 1130 virtutum
707 1082 838 1129 tutela
857 1081 1028 1128 facilior
1046 1081 1106 1127 est
1128 1101 1138 1127 ε
1160 1082 1265 1128 vitia
1281 1100 1403 1146 mag-

116 1171 177 1201 no
199 1154 419 1202 coluntur.
446 1155 596 1202 Debet
614 1158 676 1203 ira
701 1155 956 1203 removeri?
984 1156 1071 1203 hoc
1102 1174 1154 1202 ex
1182 1169 1302 1217 parte
1335 1158 1401 1203 fa-

115 1238 261 1273 tentur
285 1225 443 1283 etiam,
475 1227 549 1290 qui
569 1227 723 1273 dicunt
748 1226 832 1273 esse
858 1227 1156 1273 minuendam.
1183 1227 1299 1274 Tota
1330 1228 1400 1274 di-

115 1298 312 1345 mittatur
330 1317 340 1345 :
357 1293 718 1362 nihil‘profutura
737 1298 811 1345 est.
833 1297 920 1345 fine
940 1299 1012 1344 illa
1037 1298 1202 1346 facilius
1222 1299 1399 1347 rectius-

114 1389 200 1435 que
219 1371 378 1420 scelera
396 1372 633 1420 tollentur:
656 1371 759 1420 mali
777 1372 1036 1436 punientur,
1059 1384 1101 1419 et
1119 1374 1402 1421 traducentur

113 1444 158 1490 in
180 1445 350 1492 melius.

177 1520 302 1570 XIV.
317 1518 484 1588 Omnia
499 1551 513 1575 ‚
535 1535 646 1582 quae
664 1519 793 1566 debet
812 1517 997 1582 sapiens,
1017 1518 1105 1564 fine
1118 1517 1242 1566 ullius
1261 1520 1399 1568 malae

111 1591 454 1651 reirministerio
487 1592 648 1640 efficiet
677 1610 688 1638 :
719 1592 920 1655 nihilque
954 1591 1237 1646 admiscebit‚
1277 1594 1400 1641 cuius

111 1667 295 1713 modum
321 1665 532 1713 sollicitus
550 1666 766 1714 observet.
798 1667 1035 1730 Nunquam
1062 1665 1209 1729 itaque
1226 1666 1398 1713 iracun-

113 1739 183 1785 dia
212 1737 479 1785 admittenda
503 1738 564 1785 est
589 1757 600 1785 :
628 1739 866 1802 aliquando
894 1738 1157 1796 fimulanda,
1185 1739 1215 1785 fi
1247 1740 1399 1803 segnes

111 1811 386 1859 audientium
417 1812 551 1858 animi
580 1812 833 1860 concitandi
863 1811 974 1861 sunt.
1000 1813 1107 1860 ficut
1128 1812 1251 1859 tarde
1280 1831 1394 1860 con-

64 1872 70 1884 *
110 1884 332 1949 surgentes
351 1886 405 1932 ad
425 1885 594 1933 cursum
619 1903 759 1950 equos
778 1885 961 1934 stimulis
975 1922 988 1945 ‚
1016 1885 1273 1949 facibusque
1294 1886 1396 1933 sub-

111 1958 212 2005 ditis
229 1994 243 2017 ‚
271 1958 525 2006 excitamus
558 1957 810 2021 Aliquando
830 1958 1108 2006 incutiendus
1131 1958 1193 2005 est
1212 1958 1278 2005 his
1298 1977 1395 2006 me-

107 2045 176 2077 tus
190 2066 203 2088 ‚
221 2033 339 2093 apud
364 2032 477 2095 quos
497 2032 611 2078 ratio
632 2047 723 2078 non
744 2030 936 2093 proficit.
956 2031 1083 2078 Irasci
1101 2031 1277 2095 quidem
1301 2049 1394 2079 non

59 2154 63 2157 .
106 2103 244 2166 magis
263 2103 369 2150 utile
386 2103 470 2162 est,
485 2121 615 2168 quam
637 2120 837 2151 moerere
854 2141 868 2163 ‚
886 2121 1020 2168 quam
1037 2120 1248 2150 metuere.
1268 2104 1393 2164 Quid

107 2176 243 2240 ergo?
273 2194 364 2224 non
385 2177 582 2225 incidunt
599 2178 771 2236 causae,
793 2195 907 2242 quae
922 2177 1030 2225 iram
1055 2177 1286 2225 lacessant?
1306 2179 1391 2225 Sed

107 2262 213 2297 tunc
235 2251 425 2298 maxime
454 2251 516 2297 illi
542 2253 839 2314 opponendae
871 2270 1025 2300 manus
1051 2252 1148 2299 sunt
1175 2269 1188 2299 ε
1214 2270 1296 2301 nec
1326 2253 1390 2300 est

108 2320 309 2380 difficile,
333 2322 512 2370 vincere
544 2323 741 2369 animum
765 2341 775 2369 :
800 2340 901 2370 cum
927 2323 1112 2370 athletae
1136 2339 1318 2387 quoque
1345 2325 1391 2371 in

106 2391 312 2443 'viliffima
334 2395 395 2443 sui
411 2409 537 2460 parte
566 2397 802 2459 occupati,
827 2411 974 2444 tamen
991 2397 1102 2444 ictus
1121 2397 1391 2462 doloresque

107 2469 347 2534 patiantur,
378 2484 427 2518 ut
461 2472 578 2520 vires
615 2472 831 2523 caedemus
860 2473 1115 2523 exhauriant
1132 2491 1146 2532 ;
1174 2490 1256 2522 nec
1285 2491 1386 2521 cum
