1741 2919
308 155 962 215 coNsoLATto'AD
999 166 1212 224 HELV.
1332 180 1415 229 ης

137 275 189 322 ad
225 288 507 340 cognatarum
546 293 692 323 rerum
731 275 1012 338 conspeftum
1052 275 1304 321 tendentem
1325 309 1338 330 ‚
1375 273 1422 318 in

138 349 307 396 sublimi
333 350 504 413 semper
532 351 711 396 habeam
736 367 746 395 :
767 363 977 414 quantum
1007 348 1140 396 refert
1164 366 1283 404 mea,
1315 348 1423 410 quid

137 422 298 469 calcem
319 422 336 469 ?
368 428 425 469 At
454 440 544 470 non
564 422 623 470 est
644 423 749 470 haec
776 435 887 469 terra
917 422 1222 486 frugiferarum
1245 438 1316 468 aut
1335 423 1425 468 lae«

136 507 276 542 tarum
304 497 513 543 arborum
540 495 661 542 ferax
684 515 693 542 ε
722 513 813 542 non
841 497 1008 560 magnis
1034 508 1075 542 et
1103 495 1424 559 navigabilibus

139 569 375 617 fluminum
398 571 534 618 alveis
565 572 792 635 irrigatur:
824 572 927 617 nihil
962 571 1130 635 gignit,
1163 573 1286 634 quod
1317 571 1426 617 aliae

138 658 285 707 gentes
314 656 488 707 petant,
513 645 590 691 vix
619 645 673 690 ad
713 645 892 690 tutelam
922 644 1208 690 incolent'um
1241 643 1389 689 fertilis
1411 660 1426 690 t

140 734 230 764 non
257 718 468 780 pretiosus
493 719 564 765 hic
588 719 694 781 lapis
725 718 946 774 caeditur,
981 735 1070 763 non
1103 718 1196 763 auri
1227 718 1425 780 argenti-

139 807 224 854 que
258 807 396 837 venae
434 805 659 838 eruuntur.
703 791 920 855 Angustvs
956 793 1129 836 aninum
1160 789 1220 836 esf·
1236 827 1249 846 ‚
1290 806 1427 852 (finem

139 877 307 910 terrena
337 865 561 911 deleclant.
587 867 640 911 ad
669 866 737 911 illa
768 864 1052 910 abducendus
1076 862 1160 919 ast,
1188 879 1296 925 quae
1326 862 1428 906 ubi-

139 951 224 998 que
250 952 388 999 acque
407 950 642 1000 apparent,
661 937 820 999 ubique
842 952 977 998 aeque
997 934 1222 996 splendent
1243 952 1253 980 z
1276 946 1317 979 et
1338 933 1427 979 hoc.

137 1008 422 1070 cogitandum
456 1007 536 1065 est,
568 1009 643 1055 ista
672 1009 785 1057 veris
814 1008 942 1054 bonis
970 1024 1048 1069 per
1080 1005 1180 1052 falsa
1214 1019 1256 1054 et
1288 1023 1426 1069 prave

138 1083 302 1129 credita
321 1082 508 1131 obstare.
534 1085 643 1144 Quo
668 1083 895 1147 longiores
914 1082 1111 1144 porticus
1130 1081 1402 1144 expedierint
1411 1093 1430 1140 ,'

137 1172 229 1220 quo
256 1157 381 1204 altius
401 1169 539 1205 turres
560 1157 830 1215 sustulerint,
858 1172 949 1220 quo
973 1155 1101 1201 latius
1124 1155 1249 1202 vicos
1269 1170 1431 1216 porre-

136 1229 302 1289 xerint,
323 1248 414 1294 quo
434 1230 671 1292 depreffius
699 1230 888 1277 aestivos
915 1229 1065 1292 specus
1086 1227 1310 1283 foderint,
1333 1244 1430 1292 quo

138 1304 298 1351 maiori
320 1305 441 1353 mole
464 1305 632 1369 fastigia
653 1305 969 1353 coenationum
1000 1304 1286 1352 subvexerint
1307 1321 1318 1350 ε
1337 1304 1429 1351 hoc

136 1375 232 1438 plus
250 1376 360 1434 erit,
379 1378 503 1442 quod
524 1378 605 1424 illis
627 1378 803 1426 coelum
826 1377 1077 1424 abscondat.
1098 1378 1146 1423 In
1169 1393 1263 1422 eam
1289 1391 1332 1423 te
1358 1393 1430 1422 re*-

137 1449 319 1514 gionem
345 1450 465 1498 casus
484 1451 635 1509 eiecit,
653 1451 701 1498 in
725 1467 812 1514 qua
833 1450 1081 1500 latiffimum
1103 1452 1430 1513 receptaculum

138 1523 234 1570 casa
258 1523 331 1573 est.
351 1525 446 1572 Nae
464 1536 512 1572 tu
531 1523 674 1589 pusilli
691 1525 828 1572 animi
849 1542 894 1572 es
909 1562 921 1581 ‚
942 1539 984 1572 et
1004 1524 1179 1572 sordide
1204 1524 1245 1571 se
1267 1525 1433 1571 conso-

137 1595 290 1655 lantis,
314 1597 344 1643 fi
364 1598 469 1645 ideo
488 1599 534 1645 id
557 1598 733 1648 fortiter
760 1600 945 1663 pateriS,
967 1598 1068 1663 quia
1089 1599 1270 1645 Romuli
1289 1599 1432 1646 casam

139 1669 265 1716 nosti.
286 1669 376 1716 Dic
393 1670 501 1717 illud
518 1672 691 1734 potius:
708 1672 824 1720 Istud
843 1672 1006 1719 humile
1024 1672 1246 1735 tugurium
1271 1688 1435 1734 nempe.

138 1742 323 1791 virtutes
338 1744 507 1807 recipit.
539 1745 623 1792 iam
642 1746 851 1794 omnibus
871 1746 1045 1810 templis
1064 1746 1305 1793 formosius
1322 1745 1405 1792 erit
1413 1755 1435 1803 ,'

140 1835 240 1865 cum
262 1817 351 1864 illic
370 1817 529 1867 iustitia
556 1820 786 1884 conspecta
808 1818 940 1867 fuerit
955 1857 967 1879 ,
995 1837 1098 1866 cum
1124 1818 1396 1866 continentia
1415 1853 1434 1876 ,

140 1907 241 1938 cum
278 1890 509 1954 prudentia
526 1927 540 1950 ‚
576 1890 713 1955 pietas
732 1929 744 1951 ,
781 1892 985 1940 omnium
1021 1891 1273 1939 officiorum
1315 1892 1433 1939 recle

138 1964 534 2028 dispensandorum
565 1965 677 2014 ratio
697 2003 711 2024 ‚
748 1956 1046 2013 humanorum
1083 1965 1435 2028 divinorumque

141 2038 330 2086 scientia.
345 2038 502 2087 Nullus
524 2038 725 2104 angustus
743 2038 805 2087 est
817 2040 964 2095 locus,
984 2037 1058 2102 qui
1074 2039 1187 2084 hanc
1206 2051 1294 2084 tam
1310 2054 1436 2100 mag·

142 2128 296 2158 narum
315 2114 530 2159 virtutum
546 2112 721 2159 turbam
736 2112 877 2175 capit:
899 2112 1066 2158 nullum
1085 2109 1280 2158 exfilium
1297 2126 1435 2172 grave

143 2184 206 2231 est
222 2222 237 2244 ,
261 2186 306 2232 in
324 2203 418 2251 quo
441 2186 544 2233 licet
562 2203 661 2232 cum
688 2186 777 2232 hoc
797 2186 859 2232 ire
883 2184 1108 2232 comitatu.
1140 2186 1293 2230 Brutus
1315 2185 1358 2228 in
1376 2199 1436 2228 eo

143 2259 283 2318 libro,
314 2276 449 2322 quem
486 2260 541 2306 de
572 2259 743 2306 Virtute
779 2258 1059 2320 composuit,
1091 2257 1172 2313 ait,
1209 2254 1250 2300 se
1281 2254 1438 2301 vidisse

144 2333 405 2380 Marcellum
425 2333 654 2398 Mitylenis
670 2333 957 2388 exsulantem,
979 2342 1043 2387 et,
1059 2341 1272 2392 quantum
1293 2328 1435 2373 modo

145 2416 295 2452 natura
321 2405 513 2451 hominis
538 2418 784 2467 pateretur,
814 2402 1055 2450 beatiffime
1077 2401 1303 2448 viventem
1324 2435 1337 2458 ,
1359 2417 1435 2446 neu-

141 2496 229 2543 que
249 2494 442 2542 unquam
462 2479 679 2525 bonarum
704 2477 865 2528 artium
886 2476 1188 2539 cupidiorem,
1208 2491 1341 2539 quam
1358 2474 1434 2520 illo
