1741 2919
257 181 357 229 DE
397 179 965 228 PROVIDENTIA
1010 181 1248 228 LIBER.
1321 198 1406 243 223

131 292 287 339 dorem
304 290 387 338 illis
401 327 414 349 ‚
433 303 477 338 et
498 290 718 337 interdum
741 289 962 347 lacrimas,
981 289 1205 337 excutiunt
1228 307 1238 336 τ
1257 301 1299 336 at
1318 307 1412 336 maa·

127 377 215 411 tres
235 364 393 412 fovere
410 363 456 410 in
476 362 587 420 finu,
605 362 833 409 continere
851 362 896 407 in
918 362 1075 410 umbra
1093 363 1276 419 volunt3
1294 382 1412 411 nunn

127 456 261 503 quam
295 438 429 493 flere,
460 454 683 500 nunquam
720 435 878 483 tristari
898 472 911 492 ,
944 454 1167 501 nunquam
1199 437 1413 487 laborare,

128 513 319 559 Patrium
349 512 479 558 habet
511 511 636 557 Deus
662 510 870 558 adversus
889 511 1036 557 bonos
1057 512 1180 558 viros
1198 511 1417 570 animum,

129 596 172 630 et
189 584 286 630 illos
306 582 477 630 fortiter
497 593 611 627 amat
637 599 646 628 z
668 593 736 639 et,
767 582 991 645 Operibus
1010 618 1023 640 ‚
1044 583 1219 647 inquit,
1242 585 1415 632 dolori-

127 653 210 704 bus
225 692 239 715 ‚
259 673 309 702 ac
332 655 500 702 damnis
521 655 820 718 exagitentur,
841 669 889 701 ut
917 673 1075 702 verum
1106 657 1318 720 colligant
1336 675 1416 705 ro—

129 733 225 779 bur.
244 732 469 794 Languent
488 746 567 792 per
589 729 786 776 inertiam
809 730 996 792 saginata
1016 747 1027 776 :
1053 746 1133 777 nec
1150 730 1304 778 labore
1323 744 1418 778 tan-

128 816 250 860 tum,
270 804 344 851 sed
364 815 516 857 motu,
536 814 579 849 et
598 801 693 863 ipso
715 803 776 848 sui
796 819 933 849 onere
957 802 1181 851 deficiunt.
1203 804 1310 850 Non
1330 806 1414 853 sert

127 879 263 925 ullum
281 877 411 924 icium
433 876 578 923 illaesa
607 876 803 923 felicitas.
835 887 876 922 at
907 877 981 922 ubi
1011 877 1170 924 affidua
1202 877 1286 925 fuit
1310 896 1414 925 cum

127 950 429 999 incommodis
450 950 534 997 suis
555 949 649 995 rixa
665 985 677 1006 ‚
698 948 854 995 callum
877 966 955 1011 per
972 949 1152 996 iniurias
1170 950 1314 1010 ducit,
1334 970 1416 1000 nec

129 1025 208 1071 ulli
229 1025 348 1072 malo
367 1023 484 1070 cedit
503 1040 515 1069 t
538 1023 610 1070 sed
629 1021 759 1069 etiam
779 1021 807 1067 fi
837 1021 1066 1081 ceciderit,
1090 1023 1143 1069 de
1171 1040 1284 1086 genu
1306 1041 1417 1088 pug-

129 1114 220 1147 nat.
239 1099 412 1146 Miraris
437 1110 507 1156 tn,
529 1097 560 1144 fi
581 1098 708 1144 Deus
726 1095 796 1143 ille
817 1097 1041 1143 bonorum
1070 1100 1379 1148 amantissimus
1396 1133 1412 1156 9

127 1172 207 1235 qui
236 1171 333 1219 illos
364 1187 498 1235 quam
533 1171 733 1233 optimos
762 1168 848 1216 effe
874 1180 1004 1232 atque
1036 1170 1417 1219 excellentiffimos

129 1245 226 1292 vult
235 1281 252 1303 ,
278 1245 502 1292 fortunam
533 1244 616 1290 illis
647 1260 748 1291 cum
775 1259 860 1305 qua
888 1257 1174 1290 exerceantur
1200 1244 1415 1307 affignat?

128 1317 227 1378 Ego
241 1333 353 1363 vero
367 1331 458 1362 non
479 1315 634 1375 miror,
650 1314 680 1360 s1
699 1314 877 1378 quando
891 1313 1105 1376 impetum
1127 1316 1307 1378 capiunt
1329 1318 1417 1374 dii,

129 1387 349 1451 spectandi
375 1405 562 1452 magnos
584 1385 735 1443 viros,
756 1383 1036 1433 colluciantes
1056 1405 1155 1434 cum
1183 1388 1324 1452 aliqua
1345 1407 1418 1438 ca.-

129 1461 334 1510 lamitate.
370 1462 514 1508 Nobis
532 1460 752 1507 interdum
769 1460 994 1523 voluptati
1012 1460 1074 1507 est
1086 1497 1100 1520 ,
1119 1461 1151 1507 fi
1168 1463 1418 1512 adolescens

129 1535 365 1596 constantis
383 1535 515 1582 animi
540 1535 780 1583 irruentem
805 1533 942 1581 feram
969 1536 1193 1582 venabulo
1213 1539 1417 1601 excepit,

131 1607 163 1654 si
182 1608 322 1657 leonis
344 1609 566 1657 incursum
584 1609 807 1657 interritus
835 1609 1012 1672 pertulit
1033 1627 1043 1656 ε
1063 1622 1274 1675 tantoque
1294 1613 1418 1674 spec-2

131 1681 325 1728 taculum
355 1681 418 1728 est
438 1681 628 1745 gratius,
653 1697 821 1746 quanto
845 1682 888 1728 id
912 1681 1141 1730 honestior
1161 1683 1282 1732 fecit.
1308 1688 1417 1734 Non

131 1754 228 1803 sunt
244 1755 346 1814 ista,
366 1773 480 1820 quae
498 1756 673 1818 poffunt
692 1757 879 1804 deorum
900 1757 945 1804 in
970 1759 1011 1805 se
1034 1760 1203 1806 vultum
1226 1777 1419 1807 conver-

132 1842 245 1885 tere,
275 1829 346 1876 sed
376 1829 582 1891 puerilia,
607 1843 649 1877 et
672 1830 887 1878 humanae
919 1832 1238 1879 oblectamenta
1270 1834 1418 1882 levita=

132 1899 199 1947 tis.
227 1903 342 1948 Ecce
368 1901 659 1964 speRaculum
690 1904 870 1968 dignum
883 1922 900 1964 ‚⁴
916 1905 968 1950 ad
990 1906 1112 1968 quod
1131 1906 1332 1969 respiciat
1354 1909 1418 1954 in-

133 1985 277 2020 tentus
300 1976 430 2038 operi
449 1974 526 2022 suo
557 1977 683 2023 Deus
710 1994 721 2022 ε
743 1993 846 2024 ecce
873 1994 950 2039 par
977 1978 1084 2025 Deo
1104 1979 1285 2042 dignum
1303 2017 1317 2039 ‚
1349 1981 1429 2041 vir*

133 2045 261 2094 fortis
281 2064 382 2094 cum
404 2050 515 2095 mala
532 2049 713 2098 fortuna
731 2052 1015 2114 compositus,
1034 2053 1184 2115 utique
1205 2052 1234 2098 si
1254 2066 1295 2099 et
1318 2071 1418 2116 pro-

134 2120 331 2168 vocavit.
366 2122 469 2168 Non
490 2122 656 2180 video,
681 2123 857 2187 inquam
872 2160 886 2179 ‚
916 2123 1022 2187 quid
1049 2124 1204 2172 habeat
1227 2126 1272 2171 in
1291 2126 1418 2173 terris

134 2193 299 2254 Iupiter
329 2194 570 2256 pulchrum,
592 2194 622 2240 fi
642 2208 905 2242 convertere
924 2196 1117 2242 animum
1138 2197 1264 2255 velit,
1286 2214 1417 2259 quani

135 2279 182 2312 ut
214 2264 376 2327 spe&et
407 2268 655 2324 Catonem,
680 2268 766 2315 iam
798 2267 990 2331 partibus
1021 2285 1113 2316 non
1146 2269 1279 2316 semel
1308 2266 1417 2316 {racm

135 2339 204 2396 tis,
225 2339 402 2387 stantem
426 2342 712 2389 nihilominus
732 2343 843 2389 inter
860 2343 1004 2389 ruinas
1020 2343 1217 2405 publicas
1236 2343 1416 2389 rec‘lum.

138 2410 284 2465 Licet,
318 2411 484 2474 inquit,
522 2413 671 2458 omnia
705 2414 750 2459 in
779 2415 907 2460 unius
943 2415 1156 2461 ditionem
1193 2415 1412 2461 concesse-¹

134 2482 248 2545 rint,
283 2483 583 2533 custodiantur
611 2486 861 2549 legionibus
889 2499 1030 2533 terrae
1047 2523 1063 2544 ,
1096 2487 1290 2535 claffibus
1320 2503 1416 2535 πων
