1741 2919
273 165 813 214 CONSOLATIO
855 165 960 212 AD
1005 166 1272 216 POLYB.
1345 170 1428 232 163

142 274 213 323 sos
232 274 381 333 vides,
403 291 483 322 nec
504 273 627 338 poss'e
655 273 732 320 tibi
764 273 1000 322 subvenire
1014 275 1189 333 ,immo
1208 276 1338 324 etiam
1367 277 1436 324 ul-

141 360 214 394 tro
237 347 485 410 exspectare
501 383 513 405 ,
531 360 579 393 ut
596 364 619 392 a
639 362 681 393 te
698 346 1002 403 subleventur,
1020 348 1222 411 intelligis
1241 367 1251 395 ε
1270 363 1313 396 et
1329 349 1435 398 ideo

128 433 314 485 ‘quanto
351 414 501 467 'minus
536 421 582 466 in
614 420 696 465 illis
726 419 953 466 doetrinae
991 420 1224 484 minusque
1267 422 1432 486 ingenii

140 493 227 552 est,
247 505 371 540 tanto
392 492 530 556 magis
548 490 738 539 resistere
759 504 800 538 te
822 492 991 540 necesse
1011 492 1073 540 est
1096 493 1327 541 communi
1344 512 1435 544 ma-

140 566 202 614 lo.
241 565 312 612 Est
343 578 488 612 autem
514 565 604 612 hoc
631 565 771 627 ipsum
803 565 942 612 solatii
969 568 1097 625 loco,
1120 568 1236 616 inter
1267 568 1434 616 multos

138 640 345 687 dolorem
375 638 499 686 suum
523 639 727 687 dividere
750 656 761 685 z
790 640 866 703 qui
892 639 995 702 quia
1022 640 1289 703 dispensatur
1316 641 1434 689 inter

63 743 69 748 ·
137 715 312 779 plures,
340 714 497 777 exigua
526 715 656 761 debet
683 716 802 776 apud
830 731 874 762 te
905 728 1030 778 parte
1058 715 1287 763 subsidere.
1321 717 1431 763 Non

139 788 329 836 definam
348 787 512 834 totiens
531 788 609 834 tibi
632 787 795 835 offerre
810 788 1056 835 Caesarem.
1074 788 1151 835 illo
1169 789 1430 837 moderante

137 871 274 908 terras
289 896 302 918 ,
315 874 357 907 et
375 859 633 908 ostendente
647 897 660 918 ,
682 872 852 924 quanto
871 860 1025 907 melius
1040 859 1265 908 beneficiis
1284 861 1432 925 impe-

135 935 249 982 rium
287 935 558 983 custodiatur
576 972 590 994 ,
609 953 743 999 quam
770 935 900 983 armis
915 971 928 993 ,
950 935 1029 982 illo
1062 936 1193 983 rebus
1224 936 1431 986 humanis

133 1007 355 1071 praeside,
371 1025 463 1056 non
477 1008 538 1057 est
554 1008 799 1072 periculum
814 1044 827 1066 ,
842 1024 895 1054 ne
910 1008 1015 1069 quid
1030 1008 1265 1070 perdidisse
1280 1022 1323 1056 te
1337 1008 1432 1057 sen-

131 1083 224 1131 tias.
257 1076 414 1132 inihoc
439 1102 532 1132 uno
558 1085 639 1132 tibi
666 1084 763 1132 satis
795 1082 1003 1147 praesidii
1023 1120 1036 1141 ,
1064 1083 1162 1131 satis
1188 1085 1327 1131 solatii
1352 1084 1427 1131 est.

134 1158 300 1205 Attolle
325 1170 369 1223 te
387 1195 400 1217 ‚
431 1172 472 1206 et
505 1159 711 1222 quotiens
741 1158 948 1205 lacrimae
973 1157 1260 1205 suboriuntur
1284 1159 1428 1206 oculis

8 1284 9 1292 ἵ
57 1263 61 1267 -
131 1231 239 1289 tuis,
271 1231 431 1280 totiens
454 1233 552 1280 illos
583 1232 628 1278 in
664 1231 896 1278 Caesarem
923 1229 1091 1294 dirige3
1122 1230 1428 1290 siccabuntur,

133 1303 313 1351 maximi
332 1318 381 1353 et
402 1305 623 1352 clariffimi
651 1304 891 1368 conspectu
917 1303 1120 1351 numinis.
1147 1304 1308 1367 Fulgor
1332 1306 1429 1354 eius

130 1376 255 1436 illos,
285 1391 333 1425 ut
360 1380 470 1426 nihil
501 1381 619 1426 aliud
650 1378 814 1442 poffint
837 1378 1088 1441 adspicere,
1109 1377 1426 1442 praestringet‚

129 1450 176 1499 in
204 1453 245 1500 se
274 1449 499 1501 Haerentes
523 1453 747 1501 detinebit.
785 1454 874 1500 Hic
901 1453 1008 1510 tibi,
1036 1470 1169 1517 quem
1196 1466 1244 1500 tu
1274 1453 1429 1501 diebus

129 1525 310 1573 intueris
324 1543 374 1573 ac
393 1526 618 1584 noctibus,
636 1542 660 1571 a
680 1542 772 1589 quo
795 1543 1018 1588 nunquam
1038 1526 1188 1572 deiicis
1208 1526 1428 1584 animum,

128 1599 391 1662 cogitandus
425 1599 513 1655 est,
547 1599 619 1646 hic
650 1612 806 1646 contra
837 1598 1065 1646 fortunam
1098 1599 1385 1645 advocandus
1412 1616 1426 1646 ε

128 1688 211 1718 nec
241 1672 427 1731 dubito,
460 1690 563 1720 cum
590 1685 707 1719 tanta
734 1672 795 1718 illi
821 1672 1029 1720 adversus
1060 1687 1215 1719 omnes
1244 1672 1344 1721 suos
1375 1669 1426 1718 fit

128 1740 445 1803 mansuetudo,
473 1760 682 1810 tantaque
703 1745 1001 1809 indulgentia,
1027 1744 1136 1809 quin
1159 1745 1308 1792 multis
1335 1745 1424 1792 iam

125 1818 287 1866 solatiis
311 1833 436 1867 tuum
461 1820 574 1868 istud
599 1820 760 1869 vulnus
788 1820 1054 1876 obduxerit,
1077 1819 1290 1866 nonnulla
1309 1836 1426 1882 quae

124 1891 271 1939 dolori
298 1893 521 1941 obstarent
551 1905 629 1940 tuo
649 1929 662 1952 ,
694 1892 976 1957 congesserit.
1015 1892 1139 1952 Quid
1168 1892 1347 1954 porro?
1377 1907 1427 1939 ut

125 1963 235 2010 nihil
258 1966 420 2013 horum
452 1966 641 2025 fecerit,
672 1982 823 2013 nonne
853 1965 1057 2028 protinus
1086 1965 1176 2027 ipse
1202 1964 1426 2027 conspec-

124 2047 195 2084 tus
221 2054 298 2100 per
319 2039 360 2086 se
383 2041 697 2087 tantummodo
730 2039 1035 2102 cogitatusque
1070 2038 1229 2084 Caesar
1244 2070 1258 2092 ,
1282 2036 1425 2083 maxi-

125 2127 205 2157 mo
237 2111 391 2159 solatio
416 2113 496 2160 tibi
520 2113 618 2160 est?
652 2113 733 2159 Dii
762 2112 884 2159 illum
913 2114 1126 2173 Deaeque
1156 2126 1312 2156 omnes
1340 2122 1426 2155 ter-

129 2183 187 2230 ris
207 2184 282 2231 diu
301 2187 609 2233 commodent.
635 2186 729 2233 afta
747 2185 819 2232 hic
841 2186 901 2231 D.
929 2184 1107 2247 Augusti
1134 2198 1292 2247 aequet
1309 2219 1323 2241 ,
1342 2199 1423 2228 an-

129 2271 211 2302 nos
246 2257 397 2305 vincat
422 2294 435 2316 ,
467 2275 519 2305 ac
539 2294 551 2316 ,
582 2257 798 2321 quamdiu
831 2256 943 2302 inter
981 2256 1187 2302 mortales
1214 2255 1295 2300 erit
1314 2291 1326 2311 ,
1350 2255 1422 2301 ni-

127 2328 187 2374 hil
214 2345 269 2375 εκ
294 2331 433 2377 domo
453 2332 524 2378 sua
551 2331 738 2376 mortale
759 2329 845 2376 effe
870 2328 1036 2375 sentiat.
1067 2329 1303 2375 Rectorem
1324 2328 1421 2372 Ro-

126 2419 261 2449 mano
297 2404 490 2466 imperio
523 2404 662 2451 filium
696 2405 827 2466 longa
854 2402 941 2449 fide
977 2403 1221 2464 approbet,
1254 2413 1428 2448 etante

125 2476 247 2526 illum
273 2478 527 2528 consortem
558 2479 716 2542 patris,
733 2483 883 2542 *lquam
913 2476 1201 2526 {uccefforem
1221 2473 1423 2538 accipiat,

1064 2545 1098 2587 L
1134 2557 1159 2586 2
