1741 2919
503 150 606 199 DE
656 152 794 199 [ΗΑ
847 152 986 199 LIB.
1042 151 1109 198 11.
1294 168 1311 182 2
1377 162 1432 212 55

146 259 296 308 audias
312 296 326 319 ,
347 272 581 324 antequam
602 261 877 324 interroges?
904 260 964 306 iffi
978 296 991 316 ‚
1018 273 1253 323 antequam
1274 267 1347 303 aut
1364 273 1438 302 ac-

145 334 391 382 cusatorem
414 335 537 381 suum
566 335 688 382 nofl'e
713 336 838 381 liceat
853 370 866 393 ‚
890 346 966 380 aut
993 333 1186 389 crimen,
1208 330 1435 377 irasceris?

144 408 237 454 lam
266 425 421 457 vetum
445 441 459 465 ‚
489 408 574 454 iam
604 409 711 472 quid
742 409 954 465 utrinque
985 408 1231 461 diceretur,
1264 402 1437 451 audisti.

144 480 233 528 Hic
253 483 340 545 ipse
361 483 438 547 qui
464 484 516 529 ad
539 498 582 530 te
602 484 776 539 denuit,
802 481 966 529 deficiet
987 481 1132 527 dicere
1149 516 1162 538 ,
1197 479 1226 524 fi
1247 479 1435 541 probare

143 555 359 604 debuerit.
391 558 495 603 Non
528 557 614 615 est,
636 557 802 619 inquit,
840 557 963 620 quod
991 573 1061 602 me
1088 555 1328 616 protrahas.
1347 568 1435 615 ego

141 630 380 691 productus
398 630 582 694 negabo.
610 630 795 693 Al³0qui
831 629 936 675 ni²nil
958 645 1151 691 unquam
1171 627 1251 674 tibi
1273 627 1432 672 dicam.

141 703 314 749 Eodem
337 714 542 766 tempore
572 715 613 750 et
642 703 816 767 infligat
835 739 848 760 ,
880 715 920 747 et
946 702 1035 764 ipse
1067 701 1107 746 se
1137 699 1365 746 certamini
1391 710 1435 745 et

139 794 313 842 pugnae
336 778 558 826 subtrahit.
578 779 671 840 Qui
692 779 837 826 dicere
854 777 935 824 tibi
962 778 1038 822 nisi
1062 778 1173 823 clam
1198 792 1290 822 non
1309 775 1404 822 vult
1421 810 1435 831 ,

139 867 279 914 paene
314 869 406 898 non
441 853 560 901 dicit.
597 852 719 913 Quid
751 851 812 899 est
847 850 1065 915 iniquius,
1100 867 1232 914 quarn
1263 849 1432 896 secreto

139 925 322 971 credere
344 961 357 982 ,
386 926 530 989 palam
559 925 720 973 irasci?

208 1000 364 1047 XXX.
384 996 679 1062 Quorundam
700 1001 780 1064 ipsi
807 1000 934 1048 testes
963 999 1125 1047 sumus.
1153 1003 1201 1046 In
1219 1000 1284 1046 his
1302 1011 1432 1046 natu-

69 1095 75 1101 «
139 1088 233 1119 ram
248 1074 543 1134 excutiemus,
556 1077 920 1139 voluntatemque
934 1074 1202 1123 facientium.
1216 1076 1330 1120 Puer
1340 1073 1399 1121 est
1412 1073 1430 1121 ?

138 1144 269 1191 aetati
291 1146 508 1195 donetur:
531 1147 690 1205 nescit,
710 1164 764 1194 an
787 1159 952 1210 peccet.
977 1149 1102 1193 Pater
1124 1145 1184 1193 est
1202 1145 1219 1193 ?
1242 1161 1316 1192 aut
1333 1157 1434 1192 tan-

138 1233 234 1266 tum
254 1219 451 1283 profuit,
471 1234 519 1269 ut
540 1221 601 1269 illi
621 1221 748 1269 etiam
769 1220 951 1269 iniuriae
970 1220 1034 1268 ius
1054 1220 1104 1268 stt
1123 1239 1133 1268 :
1156 1234 1228 1268 aut
1245 1219 1434 1267 sortaffis

136 1292 282 1358 ipsum
306 1285 395 1344 hoc
421 1296 629 1344 meritum
653 1297 746 1344 eius
773 1295 863 1356 est,
892 1313 984 1361 quo
1014 1295 1302 1343 offendimur.
1329 1297 1433 1340 Mu-

136 1369 220 1418 lier
241 1370 333 1418 est?
366 1383 496 1419 errat.
524 1370 657 1419 Iussus
685 1369 778 1418 est?
812 1370 1051 1418 neceffitati
1081 1370 1181 1433 quis
1199 1406 1212 1429 ,
1238 1368 1316 1416 nifi
1346 1369 1434 1415 ini-

136 1460 278 1508 quus,
310 1445 563 1494 succenset?
599 1447 755 1493 Laesus
779 1445 874 1493 est?
905 1462 998 1492 non
1029 1444 1090 1491 est
1121 1443 1311 1502 iniuria,
1341 1444 1433 1506 pati

136 1519 262 1582 quod
283 1519 407 1583 prior
427 1519 597 1567 feceris.
628 1520 767 1567 Iudex
786 1519 880 1567 est?
917 1520 1014 1583 plus
1039 1518 1149 1567 illius
1167 1519 1317 1566 credas
1338 1518 1434 1564 sen·

135 1592 332 1652 tentiae,
366 1610 499 1655 quam
529 1609 645 1641 tuae.
679 1595 776 1641 Rex
809 1592 903 1640 est?
936 1592 968 1638 fi
1002 1602 1237 1640 nocentem
1270 1592 1432 1655 punit,

92 1706 95 1709 .
137 1667 244 1714 eede
266 1667 475 1716 iustitiae:
503 1667 534 1714 fi
552 1667 859 1726 innocentem,
884 1667 991 1716 cede
1014 1667 1231 1715 fortunae.
1253 1668 1432 1714 Mutum

136 1742 296 1795 animal
321 1741 407 1805 est,
428 1757 502 1790 aut
520 1742 656 1788 fimi-le
682 1741 842 1789 muto?
865 1741 1052 1790 imitaris
1077 1742 1209 1800 illud,
1227 1741 1259 1788 fi
1274 1741 1436 1790 irasce-

135 1815 212 1862 ris.
245 1811 430 1862 Morbus
447 1814 526 1875 est,
549 1827 620 1862 aut
641 1815 893 1863 calamitas?
924 1816 1067 1881 levius
1085 1816 1295 1864 transiliet
1313 1816 1437 1862 susti-

136 1901 330 1936 nentem.
358 1889 484 1936 Deus
509 1889 603 1936 est?
633 1903 720 1936 tam
747 1890 893 1951 perdis
924 1906 1109 1953 operam
1136 1907 1237 1938 cum
1265 1889 1330 1936 illi
1350 1890 1437 1936 ira-

134 1961 264 2009 sceris
280 2000 292 2019 ‚
312 1980 442 2026 quam
464 1980 566 2010 cum
586 1964 710 2010 illum
730 1965 852 2011 alteri
872 1964 1064 2027 precaris
1090 1963 1265 2011 iratum.
1285 1965 1437 2011 'Bonus

129 2035 210 2083 'vir
227 2035 310 2095 est,
329 2037 406 2101 qui
426 2037 630 2084 iniuriam
652 2037 790 2084 fecit?
810 2040 902 2086 noli
923 2039 1116 2089 credere.
1145 2039 1319 2087 Malus?
1340 2039 1437 2085 noli

135 2107 299 2155 mirari.
339 2108 460 2156 dabit
488 2126 650 2173 poenas
683 2111 828 2170 alteri,
855 2129 961 2175 quas
993 2112 1124 2159 debet
1142 2112 1219 2159 tibi
1243 2129 1253 2157 :
1279 2124 1322 2160 et
1347 2112 1436 2158 iam

135 2181 213 2228 fibi
233 2182 375 2241 dedit,
394 2183 468 2248 qui
491 2184 705 2247 peccavit.
728 2185 840 2233 Duo
862 2186 985 2246 sunt,
1011 2200 1059 2234 ut
1081 2187 1200 2245 dixi,
1222 2203 1333 2250 quae
1353 2186 1438 2232 ira-

136 2256 342 2304 cundiam
382 2258 620 2308 concitant.
661 2259 855 2322 primum
876 2297 891 2320 ,
923 2260 954 2307 fi
988 2261 1195 2307 iniuriam
1232 2260 1440 2308 videmur

134 2329 346 2392 accepisse
367 2347 377 2377 :
402 2331 455 2377 de
474 2331 563 2379 hoc
593 2333 632 2378 sa
644 2332 698 2379 tis
725 2333 890 2380 dictum
922 2333 996 2381 est.
1015 2334 1174 2380 deinde
1190 2369 1205 2392 ,
1225 2333 1254 2378 fi
1282 2333 1438 2396 inique

134 2401 378 2465 accepisse:
401 2404 454 2463 de
478 2404 566 2451 hoc
586 2405 821 2451 dicendum
842 2404 917 2452 est.
942 2405 1094 2469 Iniqua
1120 2404 1334 2468 quaedam
1362 2404 1438 2451 iu-

132 2474 279 2523 dicant
297 2474 500 2523 homines
515 2511 529 2534 ‚
557 2475 660 2540 quia
680 2477 769 2540 pati
793 2494 887 2526 non
904 2477 1165 2526 debuerint:
1194 2477 1432 2542 quaedam,

1067 2544 1114 2592 D
1148 2561 1179 2604 4
