1741 2919
340 144 428 192 DE
460 143 1013 205 TRANQUtLLlTATE
1044 143 1236 191 ANIMI.
1337 158 1426 207 27¹

149 251 297 302 status.
330 255 444 303 Ecce
467 254 512 302 in
540 253 684 302 media
708 252 964 316 tempestate
988 252 1300 314 tranquillitas:
1325 268 1446 299 ecce>

148 325 318 373 animus
337 327 590 375 aeternitate
610 327 764 390 dignus
779 361 792 382 ‚
811 326 884 389 qui
908 325 1045 372 fatum
1079 326 1201 372 suum
1228 326 1272 372 in
1299 342 1449 389 argu--

149 414 348 447 mentum
369 400 464 449 veri
483 411 642 448 vocat:
675 398 752 462 qui
773 398 819 444 in
849 397 1008 444 ultimo
1037 398 1115 444 illo
1154 399 1289 462 gradu
1315 397 1436 460 pofi-

150 480 246 528 tus,
275 487 508 518 exeuntem
541 470 729 518 animam
758 482 1073 533 percontatur:
1101 485 1183 516 nec
1214 486 1352 532 usque
1380 470 1437 516 ad

151 553 343 589 mortem
360 554 529 589 tantum
542 577 556 601 ,
574 543 647 590 sed
666 542 828 606 aliquid
852 542 985 589 etiam
1003 559 1058 588 ex
1071 540 1160 603 ipsa
1185 554 1329 587 morte
1347 540 1437 586 dis-

152 612 226 660 cit:
252 615 403 661 Nemo
429 615 590 661 diutius
613 614 961 678 philosophatus.
989 613 1062 660 sed
1083 629 1173 658 non
1192 613 1350 675 raptim
1368 629 1436 659 re-

152 685 373 750 linquetur
400 704 587 751 magnus
616 687 713 744 vir,
740 703 784 736 et
809 705 911 735 cum
932 703 1037 734 cura
1061 686 1286 732 dicendus.
1313 685 1437 732 dabi-

152 777 251 808 mus
279 773 321 808 te
351 762 397 809 in
427 780 609 810 omnem
645 764 934 821 memoriam,
963 762 1243 810 clariffimum
1277 775 1438 825 caput,

153 835 343 882 Caianae
372 836 507 882 cladis
537 853 692 900 magua
717 836 882 900 portio.

203 910 311 958 XV.
328 912 411 958 Sed
427 910 535 958 nihil
549 911 726 975 prodest
744 913 942 975 privatae
954 909 1146 958 tristitiae
1163 910 1311 959 causas
1326 909 1437 957 abie

155 981 273 1029 cisse.
296 985 505 1046 Occupat
520 985 637 1031 enim
657 1001 972 1047 nonnunquam
987 984 1142 1030 odium
1161 985 1334 1047 generis
1358 984 1442 1030 hu·-

156 1056 305 1114 mani,
323 1068 366 1105 et
391 1057 586 1106 occurrit
615 1070 683 1105 tot
713 1057 920 1105 scelerum
943 1056 1137 1104 felicium
1164 1058 1314 1112 turba,
1340 1074 1444 1104 cum

157 1129 443 1193 cogitaveris,
467 1148 600 1194 quam
619 1130 669 1177 fit
697 1146 792 1177 rara
822 1129 1098 1191 simplicitas,
1128 1147 1261 1193 quam
1292 1129 1446 1193 ignota

158 1203 411 1251 innocentia
425 1240 439 1263 ‚
465 1217 508 1251 et
527 1205 602 1253 vix
620 1221 810 1268 unquam
828 1240 841 1261 ,
865 1203 942 1250 nisi
963 1221 1062 1250 cum
1085 1205 1261 1267 expedit
1276 1239 1289 1260 ‚
1308 1203 1445 1261 fides,

150 1290 205 1323 ·et
238 1277 434 1325 libidinis
467 1278 585 1325 lucra
617 1278 862 1341 damnaque
893 1277 1056 1340 pariter
1084 1276 1246 1334 invisa,
1277 1290 1321 1324 et
1352 1293 1448 1323 am·-

159 1349 271 1397 bitio
304 1367 441 1415 usque
460 1368 515 1399 eo
535 1352 620 1398 iam
652 1351 695 1398 se
720 1351 802 1398 suis
827 1366 917 1397 non
948 1349 1181 1397 continens
1214 1347 1410 1397 terminis
1429 1362 1448 1408 ‚'

159 1435 208 1468 ut
226 1441 306 1485 per
321 1424 639 1487 turpitudinem
662 1424 893 1486 splendeat.
914 1424 1070 1487 Agitur
1090 1423 1258 1470 animus
1273 1423 1316 1468 in
1336 1439 1446 1470 noc-

161 1507 274 1553 tem,
303 1507 347 1542 et
380 1497 500 1544 velut
536 1496 697 1544 eversis
723 1496 986 1554 virtutibuS‚
1018 1513 1124 1558 quas
1157 1512 1238 1542 nec
1275 1496 1446 1558 sperare

161 1566 285 1625 licet,
308 1585 389 1615 nec
419 1569 576 1615 habere
608 1568 815 1632 prodest,
838 1569 1041 1614 tenebrae
1072 1568 1350 1614 oboriuntur.
1396 1571 1446 1614 In

161 1641 252 1688 hoc
273 1641 419 1706 itaque
439 1642 643 1695 sse&endi
668 1644 830 1696 sumus,
849 1655 897 1689 ut
918 1642 1067 1689 omnia
1085 1641 1205 1706 vulgi
1226 1641 1333 1689 vitia
1354 1657 1448 1689 non

162 1714 304 1762 invisa
334 1716 490 1771 nobis,
518 1716 590 1763 sed
623 1715 802 1763 ridicula
826 1716 1089 1762 videantur:
1123 1726 1166 1761 et
1202 1714 1444 1761 Democri-

162 1799 255 1836 tum
283 1790 430 1854 potius
462 1790 704 1846 imitemur,
734 1805 865 1853 quam
898 1787 1181 1834 Heraclitum.
1216 1786 1302 1831 Hic
1329 1786 1448 1832 enim

162 1866 338 1928 quoties
365 1865 410 1911 in
437 1865 658 1927 publicum
687 1864 951 1927 processerat
969 1898 982 1916 ,
1011 1862 1141 1908 flebat
1176 1879 1188 1907 ε
1219 1861 1290 1907 ille
1326 1861 1449 1907 ride-

163 1937 250 1983 bat.
268 1936 370 1983 huic
399 1937 547 1983 omnia
572 1953 685 2000 quae
706 1935 895 1999 agimus,
919 1933 1141 1989 miseriae;
1169 1934 1231 1979 illi
1260 1934 1450 1997 ineptiae

163 2010 441 2058 videbantur.
477 2010 701 2057 Elevanda
730 2025 837 2072 ergo
871 2009 1022 2055 omnia
1041 2045 1055 2066 ‚
1083 2019 1127 2055 et
1153 2008 1269 2055 facili
1298 2009 1452 2056 animo

165 2083 357 2131 ferenda.
389 2083 619 2130 humanius
644 2081 704 2129 est
723 2083 922 2129 deridere
948 2083 1110 2139 vitam,
1133 2099 1267 2145 quam
1296 2082 1451 2145 deplo-

167 2173 278 2204 rare.
309 2157 489 2214 Adiice,
513 2157 636 2220 quod
666 2156 719 2202 de
746 2157 942 2202 humano
969 2172 1149 2220 quoque
1183 2172 1336 2201 ‘tenere
1355 2173 1451 2202 me·-

168 2227 254 2275 lius
271 2243 464 2276 meretur
491 2229 568 2292 qui
596 2229 708 2274 ridet
733 2228 863 2285 illud,
894 2245 1025 2291 quam
1047 2228 1124 2291 qui
1144 2229 1276 2291 lubet.
1302 2228 1534 2289 mestus

169 2301 263 2365 spei
284 2301 430 2349 bonae
455 2302 620 2365 aliquid
646 2301 852 2365 relinquit
873 2320 884 2348 :
903 2302 974 2348 hic
991 2316 1136 2348 tamen
1156 2301 1278 2350 stulte
1298 2300 1452 2360 deflet,

170 2389 284 2437 quae
310 2374 474 2438 corrigi
492 2375 615 2437 poffe
634 2374 827 2438 desperat
848 2388 920 2422 :et
949 2375 1149 2423 universa
1175 2375 1449 2438 contempla-

168 2455 262 2513 tus²
296 2446 474 2494 maioris
505 2446 640 2494 animi
660 2448 720 2494 est
736 2483 753 2508 ‚
772 2448 847 2512 qui
867 2448 1002 2496 risum
1022 2464 1117 2495 non
1145 2459 1266 2497 tenet
1281 2483 1299 2510 ,
1318 2464 1452 2513 quam
