1741 2919
276 118 367 165 118
535 121 584 168 L.
636 121 935 166 ANNAEI
981 121 1342 171 SENECAE
1386 170 1387 173 ,

268 226 429 289 quibus
458 226 519 273 est
546 228 772 289 repentina
799 247 809 274 :
839 228 968 276 facile
997 246 1093 276 eam
1127 230 1333 290 sustinet,
1357 230 1433 296 qui
1463 231 1569 280 sem-

269 316 348 361 per
382 299 612 362 exspefihit.
650 300 764 346 Nam
801 313 844 347 et
877 300 1066 366 hostium
1099 302 1316 350 adventus
1347 322 1438 357 eoss
1458 323 1571 368 pro-

268 372 447 427 sternit,
472 389 584 435 quos
610 373 838 435 inopinate
870 375 1110 438 occupavit
1133 393 1143 421 :
1165 390 1209 421 at
1241 375 1316 437 qui
1346 374 1504 424 futuro
1525 378 1568 425 se

270 445 391 493 bello
421 458 522 492 ante
554 446 714 492 bellum
750 461 1038 509 paraverunt,
1071 448 1308 512 compositi
1336 463 1377 495 et
1412 450 1572 510 aptati,

269 517 492 581 primuni,
521 519 597 583 qui
626 520 1037 568 tumultuefiffimus
1066 521 1153 577 est,
1183 522 1318 568 iCtum
1346 521 1471 569 facile
1492 541 1572 570 ex-

271 592 454 654 cipiunt.
484 594 724 655 Nunquam
747 610 832 658 ego
861 593 1068 641 fortunae
1093 596 1259 644 credidi
1280 627 1294 650 ‚
1321 594 1485 642 etiarnfi
1510 595 1573 644 vi-

270 667 450 713 deretur
479 684 632 731 pacem
665 685 824 732 agere:
851 669 1001 715 omnia
1037 670 1104 716 illa
1126 707 1138 727 ,
1167 687 1280 734 quae
1317 670 1362 716 in
1394 687 1466 717 me
1501 670 1574 718 in·

272 738 593 802 dulgentiffime
613 741 871 788 conferebat
890 777 901 798 ‚
931 744 1163 803 pecuniam
1186 778 1200 801 ‚
1230 743 1423 790 honores
1442 779 1453 798 ,
1475 743 1574 806 glo-

270 812 407 868 riam,
436 829 491 860 eo
510 813 618 860 loco
647 813 800 877 posui,
825 815 940 861 unde
969 814 1111 878 poffet
1129 832 1177 860 ea
1212 814 1297 861 stne
1320 831 1446 862 motu
1468 831 1574 863 meo

271 898 486 949 repetere.
516 887 799 934 Intervallnni
824 889 938 935 inter
967 905 1038 935 me
1069 904 1112 935 et
1140 889 1211 934 illa
1246 904 1454 952 magnum
1493 888 1574 934 ha-

268 959 360 1007 bui.
380 958 529 1022 itaque
546 959 721 1007 abstulit
737 962 803 1008 illa
817 997 829 1015 ,
844 979 934 1008 non
951 961 1120 1009 avulsit.
1138 961 1376 1009 Neminem
1393 961 1576 1018 adversa

270 1033 453 1082 fortuna
485 1035 778 1092 comminuit,
813 1034 889 1082 nisi
914 1051 1044 1099 quem
1074 1034 1260 1082 secunda
1291 1034 1480 1098 decepit.
1512 1036 1577 1083 Illi

272 1108 347 1173 qui
379 1126 560 1155 munera
583 1109 686 1168 =eius
718 1110 838 1157 velut
859 1109 929 1155 sua
955 1121 999 1156 et
1030 1122 1245 1172 perpetua
1275 1121 1540 1156 amaverunt
1563 1144 1579 1165 ‚

271 1182 346 1246 qui
369 1181 410 1229 se
430 1197 615 1245 propter
635 1185 706 1229 illa
729 1183 883 1246 suspici
912 1183 1153 1229 voluerunt
1174 1218 1189 1240 ,
1209 1181 1353 1229 iacent
1377 1194 1422 1229 et
1446 1199 1577 1230 moe-

273 1270 372 1303 rent
390 1292 403 1312 ,
433 1273 534 1303 cum
571 1274 712 1304 vanos
732 1272 775 1303 et
796 1256 986 1320 pueriles
1015 1256 1215 1312 animos,
1245 1255 1391 1303 omnis
1411 1255 1574 1304 solidae

273 1333 514 1395 voluptatis
533 1334 736 1396 ignaros,
759 1333 861 1380 falsa
881 1349 923 1379 et
946 1333 1131 1379 mobilia
1153 1331 1478 1379 obleflamenta
1499 1331 1578 1399 cle-

274 1404 468 1452 ssituunt.
499 1412 556 1452 At
586 1407 654 1453 ille
684 1408 759 1470 qui
792 1408 832 1453 se
857 1408 979 1453 laetis
1005 1406 1136 1453 rebus
1154 1423 1245 1452 non
1267 1405 1469 1464 inflavit,
1495 1422 1578 1453 nec

276 1481 453 1527 mutatis
478 1480 726 1535 contrahi13
753 1481 962 1528 adversus
987 1494 1225 1541 utrumque
1249 1477 1405 1524 statum
1431 1479 1579 1527 invic-

274 1563 369 1599 tum
395 1554 589 1600 animum
620 1566 769 1611 tenet,
802 1553 1059 1617 exploratae
1091 1553 1176 1599 iani
1209 1550 1442 1599 firmitatis.
1474 1568 1577 1599 nam

276 1625 323 1673 in
358 1628 446 1691 ipsa
490 1629 726 1683 felicitate,
772 1629 882 1692 quid
923 1641 1076 1676 contra
1116 1626 1420 1675 infelicitatem
1457 1627 1580 1674 vale-

276 1712 374 1756 ret,
409 1717 616 1763 expertus
651 1702 728 1749 est.
768 1705 922 1763 ltaque
953 1719 1040 1766 ego
1076 1701 1122 1748 in
1157 1701 1240 1748 illis
1275 1717 1387 1765 quae
1423 1718 1582 1749 omnes

280 1784 466 1834 optant,
503 1774 751 1821 existimavi
780 1776 953 1838 semper
971 1812 984 1833 ,
1014 1775 1121 1821 nihil
1149 1775 1245 1821 veri
1275 1774 1383 1821 boni
1411 1773 1578 1822 ineffe:

281 1846 389 1908 quin
420 1845 563 1892 inania
584 1883 597 1905 ‚
627 1860 670 1895 et
691 1849 891 1911 specioso
912 1865 962 1896 ac
983 1849 1225 1912 decepturo
1253 1847 1362 1895 fuco
1391 1846 1579 1894 circum·

279 1919 355 1965 lita
387 1919 566 1975 inveni,
603 1921 714 1968 intra
740 1923 845 1969 nihil
882 1922 1085 1969 habentia
1118 1921 1257 1968 fronti
1291 1922 1390 1969 suae
1425 1921 1579 1968 (imile.

282 1991 399 2037 Nam
432 1991 477 2037 in
498 1992 580 2039 illis
606 2010 718 2053 quae
741 1994 854 2041 mala
876 2010 1120 2053 vocantur,
1148 1993 1252 2041 nihil
1282 2006 1367 2041 tam
1399 1993 1580 2041 terribi-

281 2063 321 2111 le
339 2082 391 2133 vac
412 2066 568 2113 durum
590 2066 773 2115 invenio
789 2104 802 2123 ‚
824 2086 958 2133 quam
992 2069 1150 2132 opinio
1170 2069 1291 2133 vulgi
1314 2067 1579 2115 minabatur.

280 2139 470 2186 verbum
492 2140 673 2203 quidem
694 2141 836 2204 ipsum
858 2180 870 2202 ,
891 2144 1168 2206 persuasione
1195 2143 1384 2206 quadam
1405 2153 1447 2188 et
1467 2158 1580 2188 con-

281 2212 406 2260 sensu
422 2250 436 2270 ,
463 2213 548 2260 iam
571 2215 763 2277 asperius
782 2218 834 2262 ad
859 2234 981 2265 aures
1001 2218 1152 2276 venit,
1173 2230 1216 2264 et
1234 2216 1462 2264 audientes
1481 2230 1580 2262 tan-

281 2301 413 2348 quam
451 2287 571 2335 triste
605 2302 648 2335 et
675 2289 941 2338 exsecrabile
973 2290 1109 2338 ferit:
1146 2291 1204 2337 ita
1233 2289 1352 2337 enim
1382 2287 1573 2351 populus

279 2354 395 2402 iuffit
415 2375 425 2403 :
449 2357 522 2406 sed
551 2360 707 2424 populi
735 2359 837 2409 scita
857 2377 912 2410 ex
928 2379 1086 2428 magna
1106 2378 1229 2428 parte
1263 2361 1476 2426 sapientes
1495 2360 1577 2409 ab·

282 2445 456 2495 rogant.
