1741 2919
284 172 821 221 CONSOLATIO
858 175 964 222 AD
1012 174 1233 221 HELV.
1327 164 1408 233 ,μ’

124 281 171 330 in
200 298 272 329 me
298 281 510 329 transierit
534 282 781 347 :quidquid
807 283 932 330 aviae
947 320 961 342 ,
985 283 1028 329 in
1051 300 1135 329 me.
1162 281 1333 329 Floreat
1352 297 1415 327 re-

124 355 244 419 liqua
270 355 314 402 in
345 354 423 402 suo
450 355 558 403 statu
584 356 709 403 turba
731 374 742 404 ε
764 357 871 402 nihil
903 357 956 404 de
981 357 1196 414 orbitate,
1224 356 1331 401 nihil
1362 354 1429 401 de'

123 429 384 476 conditione
413 447 509 477 mea
536 446 705 494 querar.
745 431 916 478 Fuerim
954 443 1151 489 tantum,
1182 426 1288 478 nihil
1318 446 1414 476 am-

123 502 237 566 plius
259 502 474 549 doliturae
500 503 684 559 domus,
710 503 997 566 piamentum.
1031 505 1156 551 Tene
1173 502 1218 548 in
1244 502 1417 568 gremio

125 586 206 622 mo
227 576 317 624 cito
337 577 416 624 tibi
437 577 635 623 daturam
655 590 929 640 pronepotes
958 576 1231 626 Novatillam
1252 594 1261 622 :
1285 593 1417 640 quam

125 648 184 696 fic
203 647 248 694 in
271 665 341 695 me
361 647 681 706 transtuleram,
698 648 755 696 fic
776 648 883 696 mihi
901 648 1229 712 adscripseram,
1249 662 1294 695 ut
1316 648 1419 710 pos·

125 719 175 767 fit
196 718 338 767 videri
351 755 365 779 ‚
385 719 507 784 quod
527 738 599 767 me
617 720 782 776 amifit,
805 719 1009 785 quamvis
1029 719 1153 767 salvo
1174 732 1319 783 patre,
1341 737 1416 782 pu-

124 792 246 857 pilla.
272 793 385 842 hanc
412 805 454 840 et
487 809 571 857 pro
597 809 668 839 me
693 793 836 858 dilige.
873 793 1058 840 Abstulit
1082 792 1144 839 illi
1166 809 1306 856 nuper
1327 793 1418 839 for-

127 880 234 914 mna
258 880 442 916 matrem
468 885 479 914 ε
512 880 583 914 tua
612 867 757 931 potest
783 867 956 914 efficere
994 866 1129 930 pietas
1145 902 1160 923 ‚
1184 880 1232 912 ut
1264 867 1416 929 perdi-

126 940 236 987 diffe
260 940 301 987 se
320 954 505 989 matrem
526 940 673 1000 doleat
691 953 858 989 tantum
877 974 890 997 ‚
910 958 1003 988 non
1025 953 1069 988 et
1087 941 1251 989 sentiat.
1285 941 1416 988 Nunc

126 1031 275 1062 mores
309 1015 402 1063 eius
431 1031 655 1079 compone
674 1053 687 1076 ,
720 1033 838 1064 nunc
864 1016 1055 1063 formam
1084 1033 1094 1062 :
1126 1015 1253 1063 altius
1287 1032 1418 1078 prae-

126 1105 257 1152 cepta
288 1089 576 1147 descendunt,
609 1107 721 1154 quae
742 1090 902 1138 teneris
932 1089 1250 1153 imprimuntur
1277 1090 1418 1136 aetati·

126 1163 222 1212 bus,
245 1165 353 1212 Tuis
375 1165 577 1212 assuescat
598 1165 868 1213 sermonibus
891 1184 900 1212 :
926 1165 980 1212 ad
1000 1176 1126 1211 tuum
1146 1162 1336 1227 fingatur
1354 1181 1419 1210 ar-

127 1236 321 1285 bitrium.
341 1238 524 1284 multum
546 1238 606 1284 illi
631 1238 773 1296 dabis,
793 1238 958 1285 etiamsi
981 1236 1088 1284 nihil
1109 1237 1280 1283 dederis
1301 1254 1418 1299 prae-

127 1319 195 1356 ter
219 1311 486 1375 exemplum.
525 1313 629 1359 Hoc
654 1312 738 1358 iam
765 1311 847 1358 tibi
876 1311 1070 1358 solemne
1096 1309 1293 1356 officium
1331 1326 1417 1373 pro

128 1385 331 1431 remedio
352 1386 446 1432 erit.
468 1401 559 1432 non
578 1384 721 1449 potest
749 1385 944 1432 animum
971 1384 1041 1447 pie
1066 1383 1290 1430 dolentem
1309 1401 1331 1428 a
1353 1383 1422 1430 so·

128 1457 358 1504 licitudine
379 1471 603 1516 avertere,
624 1458 700 1504 nifi
723 1469 794 1504 aut
820 1456 958 1515 rati0‚
982 1468 1052 1502 aut
1075 1455 1257 1502 honesta
1286 1472 1421 1503 occu-

129 1532 267 1596 patio.
298 1534 584 1580 Numerarem
614 1532 728 1580 inter
749 1548 904 1596 magna
934 1530 1086 1577 solatia
1113 1545 1280 1592 patrem
1309 1547 1420 1594 quo-

129 1621 222 1668 que
245 1616 396 1662 tuum,
427 1605 505 1650 nisi
526 1604 702 1651 abeffet.
732 1620 850 1650 nunc
877 1619 1021 1650 tamen
1049 1620 1102 1650 ex
1128 1601 1285 1650 affeetu
1312 1617 1420 1661 tuo,

129 1677 239 1740 quid
265 1678 379 1725 illius
401 1676 594 1733 interfit,
623 1676 793 1741 cogita:
817 1675 1054 1740 intelliges,
1080 1690 1249 1739 quanto
1274 1674 1423 1722 iustius

130 1751 212 1810 fit,
242 1768 285 1799 te
314 1752 373 1798 illi
404 1752 597 1808 servari,
628 1769 760 1816 quam
790 1750 897 1796 mihi
931 1751 1142 1814 impendi.
1173 1751 1350 1815 quoties
1380 1763 1425 1797 te

131 1824 375 1873 immodica
402 1825 471 1872 vis
491 1826 658 1872 doloris
684 1825 916 1880 invaserit,
941 1837 983 1871 et
1010 1824 1128 1888 sequi
1157 1824 1197 1871 se
1228 1822 1425 1881 iubebit,

113 1911 300 1962 -patrem
330 1900 493 1964 cogita.
517 1900 591 1946 cui
614 1914 659 1946 tu
680 1900 858 1963 quidem
884 1913 950 1946 tot
976 1912 1160 1963 nepotes
1192 1915 1423 1962 pronepo-

131 1983 286 2035 tesque
315 1973 463 2020 dando
497 1972 678 2020 effecisti
710 1991 764 2020 ne
802 1974 930 2021 unica
962 1973 1067 2021 effes
1101 1992 1111 2020 ε
1141 1973 1423 2020 consumma-

132 2045 202 2093 tio
226 2061 374 2094 tamen
398 2047 548 2094 aetatis
574 2048 694 2096 aerae
723 2048 935 2104 feliciter,
964 2049 1009 2095 in
1031 2062 1074 2095 te
1101 2048 1303 2095 vertitur.
1341 2047 1424 2094 lllo

134 2119 270 2177 vivo,
298 2121 419 2168 nefas
448 2119 534 2177 est,
560 2132 602 2166 te
619 2156 633 2179 ‚
662 2122 785 2183 quod
814 2120 1003 2178 vixerss,
1024 2121 1160 2183 queri.

203 2193 348 2240 XVII.
379 2195 622 2240 Maximum
645 2194 787 2240 adhuc
811 2194 1005 2241 solatium
1032 2207 1155 2240 tuum
1178 2205 1396 2239 tacueram
1412 2227 1429 2251 ‚

132 2264 332 2313 sororem
354 2279 497 2313 tuam:
516 2267 621 2313 illud
643 2266 936 2313 fideliffimum
957 2269 1108 2329 peetus
1122 2266 1225 2322 tibi,
1243 2265 1286 2310 in
1303 2265 1427 2327 quod

135 2356 294 2387 omnes
322 2358 449 2388 curae
475 2358 575 2388 tuae
603 2358 686 2402 pro
713 2341 905 2387 indiviso
931 2338 1281 2386 transferuntur:
1302 2338 1425 2386 illum

136 2413 332 2460 animum
360 2415 569 2460 omnibus
596 2415 724 2459 nobis
751 2429 1014 2460 maternum.
1049 2414 1162 2457 Cum
1183 2412 1265 2457 hac
1293 2423 1339 2457 tu
1365 2411 1430 2456 la·

136 2487 294 2539 crimas
312 2500 404 2536 tuas
425 2487 625 2538 miscuisti
638 2524 653 2550 ‚
675 2488 718 2536 in
735 2488 866 2536 huius
885 2488 1078 2552 primum
1099 2485 1311 2550 respirasti
1328 2484 1436 2537 finu-¹
