1741 2919
304 177 398 221 214
542 164 592 210 L.
643 160 937 208 ANNAEI
990 124 1345 208 SENECAE

302 286 435 334 gestie
466 267 547 314 tibi
579 266 806 314 nominem
843 265 1111 314 feliciffimos
1144 266 1345 324 futuros,
1375 267 1405 313 fi
1438 283 1583 316 matu-

304 344 394 389 rius
419 342 514 387 illos
533 356 653 386 mors
671 340 925 387 instantibus
944 339 1214 387 subtraxiss'et
1231 341 1384 387 malis?
1404 347 1476 387 An
1496 343 1586 387 Ro-

303 432 459 462 warns
491 415 648 471 duces,
673 429 866 476 quorum
895 413 1003 460 nihil
1031 413 1323 477 magnitudini
1355 414 1493 461 deerit
1511 451 1521 469 ,
1556 415 1587 460 sl

302 487 466 540 al'cuid
493 488 618 534 aetati
650 487 923 534 detraxeris?
950 504 1001 533 an
1036 487 1330 533 nobilissimos
1356 487 1477 533 viros
1499 487 1588 533 cla-

303 562 582 624 rissttunsque
615 562 668 606 ad
691 562 820 607 {ctum
841 561 1034 607 militaris
1055 560 1186 624 gladii
1216 561 1459 623 compofita
1491 577 1586 607 cer-

302 635 402 681 vice
435 634 686 682 sanatos?
722 636 907 697 Respice
932 651 1096 698 patrem
1127 650 1257 699 atque
1285 653 1417 683 avum
1446 648 1585 681 tuum.

303 709 376 753 lue
406 708 449 752 in
478 708 602 752 alieni
628 708 890 769 percussoris
921 710 1041 757 venit
1069 709 1309 756 arbitrium.
1352 713 1446 773 Ego
1477 708 1587 754 nihil

301 782 348 828 in
368 797 438 827 me
464 781 669 843 cusqudm
696 780 895 844 permisi,
915 794 957 828 et
978 782 1079 829 cibo
1103 781 1353 843 prohibitus
1384 781 1552 828 ostendi
1573 815 1587 836 ‚

302 873 434 918 quam
462 870 622 917 magno
641 868 682 900 er
700 871 830 917 quam
858 855 1006 903 vivaci
1028 855 1176 902 animo
1198 855 1464 918 scripfiffem.
1493 856 1586 900 Cur

301 929 346 976 in
377 929 517 975 domo
549 926 695 974 nostra
725 927 960 975 diutissime
996 930 1194 992 lugetur,
1232 928 1310 990 qui
1342 926 1586 974 feliciffime

301 1003 492 1050 moritur
511 1001 528 1046 Ρ
557 1000 745 1047 Coimus
769 1003 813 1047 in
833 1019 967 1048 unum
989 1018 1168 1058 omnes,
1187 1002 1481 1064 videmusque
1501 1016 1587 1047 vos

301 1077 383 1123 alta
410 1075 538 1120 nocie
565 1073 844 1120 circumdari.
871 1073 944 1119 Nil
971 1074 1086 1135 apud
1106 1090 1212 1131 vos,
1232 1085 1279 1119 ut
1299 1072 1484 1136 putatis,
1504 1088 1588 1134 op-

299 1148 429 1195 tabile
450 1183 464 1204 ‚
489 1146 549 1192 nil
584 1146 799 1192 excelsum
821 1182 835 1204 ,
869 1146 927 1191 nil
957 1146 1230 1208 splendidum
1255 1164 1265 1192 ε
1301 1146 1373 1193 sed
1406 1144 1587 1192 humilia

300 1220 480 1276 cuncta,
500 1230 542 1266 et
569 1218 742 1281 gravia,
761 1232 805 1264 et
827 1217 977 1272 anxia,
1003 1230 1045 1263 et
1063 1230 1242 1280 quotam
1266 1230 1434 1280 partem
1455 1216 1584 1264 lumi-

302 1293 368 1348 nis
398 1291 535 1338 nostri
560 1290 817 1337 cernentia?
856 1290 979 1351 Quid
1013 1292 1184 1346 dicam,
1219 1291 1334 1336 nulla
1363 1290 1433 1336 hic
1467 1304 1587 1335 arma

301 1365 464 1412 mutuis
484 1363 630 1410 furere
650 1363 930 1410 concursibus
945 1396 958 1419 ‚
981 1381 1062 1411 nec
1083 1363 1230 1411 classes
1249 1362 1444 1409 claffibus
1468 1362 1585 1408 fran-

300 1439 372 1501 gi,
402 1453 484 1484 nec
511 1436 742 1499 parricidia
768 1448 841 1483 aut
869 1435 1001 1500 fingi,
1034 1449 1107 1482 aut
1134 1435 1348 1498 cogitari,
1380 1452 1461 1482 nec
1486 1435 1585 1482 fora

299 1509 446 1556 litibus
478 1507 666 1570 strepere
693 1507 787 1553 dies
825 1520 1062 1570 perpetuos
1093 1525 1102 1553 ε
1142 1506 1248 1552 nihil
1278 1506 1324 1552 in
1359 1505 1548 1552 obscuro
1569 1539 1584 1561 ‚

298 1581 487 1629 deteaas
507 1595 700 1639 mentes,
717 1592 760 1627 et
779 1592 926 1643 aperta
954 1580 1212 1643 praecordia
1229 1611 1243 1634 ,
1268 1593 1312 1625 et
1335 1578 1380 1624 in
1401 1578 1584 1641 publico

299 1655 537 1718 medioque
560 1655 701 1704 vitam
717 1689 731 1712 ‚
748 1667 791 1700 et
811 1653 956 1700 omnis
981 1653 1080 1700 aevi
1100 1652 1381 1716 prospectum
1400 1683 1414 1707 ‚
1442 1668 1580 1698 even-

297 1727 508 1791 tumque?
544 1728 726 1774 Iuvabat
743 1726 870 1773 unius
890 1725 1024 1773 seculi
1051 1743 1122 1773 me
1151 1725 1259 1772 facia
1287 1740 1584 1787 componere,

297 1803 343 1850 in
364 1814 487 1865 parte
503 1801 654 1848 ultima
672 1801 854 1856 mundi,
871 1812 914 1847 et
932 1800 1045 1847 inter
1063 1799 1341 1864 pauciffimos
1360 1798 1474 1862 gesta
1489 1815 1499 1844 τ
1516 1809 1584 1844 tot

298 1875 461 1930 secula,
493 1886 559 1922 tot
585 1886 775 1921 aetatum
799 1887 1054 1923 contextum
1080 1886 1122 1920 et
1151 1873 1305 1921 seriem
1327 1906 1341 1925 ‚
1365 1870 1583 1936 quidquid

297 1965 513 1996 annorum
548 1949 638 2007 est,
677 1949 780 1997 licet
823 1948 978 2001 visere.
1030 1948 1132 1995 licet
1168 1947 1407 1995 surrectura
1433 1981 1447 2004 ,
1479 1945 1582 1992 licet

295 2021 460 2068 ruitura
478 2038 611 2086 regna
630 2021 906 2085 prospicere,
931 2034 974 2068 et
1004 2037 1257 2085 magnarum
1289 2019 1465 2067 urbium
1486 2018 1582 2080 lap-

293 2093 386 2149 sus,
417 2105 460 2139 et
492 2095 623 2142 maris
655 2110 803 2142 novos
831 2094 993 2141 cursuS.
1025 2094 1141 2140 Nam
1168 2092 1197 2139 fi
1224 2091 1366 2156 potest
1397 2090 1479 2138 tibi
1509 2091 1582 2138 so-

292 2166 398 2212 latio
427 2167 511 2213 effe
540 2167 739 2214 desiderii
763 2168 827 2214 tui
859 2184 1101 2214 commune
1131 2165 1271 2213 fatum
1294 2201 1307 2224 ‚
1339 2164 1448 2212 nihil
1483 2179 1580 2228 quo

293 2243 369 2287 stat
387 2242 491 2289 loco
512 2241 649 2289 stabit.
667 2241 820 2288 omnia
840 2241 1017 2296 sternet,
1035 2241 1309 2304 abducetque
1329 2240 1475 2287 secum
1494 2257 1582 2287 ve-

292 2316 421 2361 tustas
443 2333 453 2361 :
482 2333 563 2364 nec
583 2315 839 2366 hominibus
860 2315 1000 2362 solum
1016 2349 1029 2370 ,
1047 2313 1207 2378 (quota
1233 2314 1350 2360 enim
1375 2312 1452 2359 ista
1481 2311 1580 2359 for-

290 2386 423 2433 tuitae
445 2389 672 2450 potentiae
696 2388 848 2452 portio
866 2388 928 2436 est
947 2406 956 2434 ι
978 2387 999 2451 )
1026 2387 1099 2434 sed
1126 2387 1235 2434 locis
1254 2423 1268 2446 ‚
1288 2387 1359 2434 sed
1378 2385 1576 2451 regioni-

286 2458 396 2518 bus,
416 2459 488 2508 sed
508 2461 661 2508 mundi
682 2461 873 2525 partibus
900 2462 1020 2510 ludet
1040 2477 1052 2506 ε
1072 2473 1141 2509 tot
1166 2461 1406 2526 supprimet
1436 2475 1575 2507 mon-³.
