1741 2919
496 177 787 227 DE1RA
837 181 974 228 ΜΒ.
1025 181 1094 228 11.
1357 198 1422 247 49

122 287 272 352 ltaque
290 285 454 350 agenda
475 285 536 334 est
556 301 709 336 contra
732 289 774 336 se
811 290 932 337 causa
956 289 1164 351 absentis,
1203 301 1246 337 et
1279 290 1326 339 in
1351 292 1423 338 su·

126 358 283 422 spenso
305 358 367 406 ira
387 359 627 408 retinenda.
657 361 804 410 Potest
823 362 941 410 enim
964 378 1108 427 poena
1128 365 1259 413 dilata
1279 365 1424 429 exigi,

128 448 221 480 non
250 433 394 498 potest
422 435 573 486 exaEia
592 436 809 484 revocari.
838 436 985 483 Notus
1007 435 1069 483 est
1088 437 1161 485 ille
1179 438 1424 503 tyrannici-

127 505 181 553 da
197 543 212 566 ,
243 507 319 572 qui
339 507 598 572 imperfecto
617 524 753 573 opere
772 507 1113 573 comprehensus
1129 547 1142 570 ,
1163 523 1205 558 et
1234 511 1288 558 ab
1305 512 1424 576 Hip-

128 579 199 642 pia
216 591 358 627 tortus
371 614 385 638 ,
412 589 461 624 ut
481 578 681 626 conscios
698 579 911 627 indicaret
929 612 945 635 ,
970 581 1299 630 circumstantes
1316 584 1426 631 ami·

131 668 210 699 cos
226 650 405 716 tyranni
426 652 703 711 nominavit,
722 653 881 717 quibus
900 668 1034 716 quam
1058 655 1251 702 maxime
1274 672 1422 703 caram

129 723 308 772 salutem
325 723 417 772 eius
432 724 602 773 sciebat.
627 727 680 772 Et
696 741 799 773 cum
816 726 885 773 ille
903 726 1096 790 singulos
1110 764 1123 785 ,
1143 742 1189 775 ut
1210 728 1428 776 nominati

129 811 253 846 erant
272 835 287 856 ,
314 798 460 848 occidi
480 797 684 856 iuffiffet‚
710 798 1004 863 interrogavit
1020 835 1032 856 ,
1052 802 1215 865 Ecquis
1237 801 1429 865 superes-

129 871 189 920 set
203 872 221 919 ?
237 873 325 932 Tu,
337 871 499 936 inquit,
512 871 646 919 solus:
678 873 900 920 neminem
921 873 1039 920 enim
1053 873 1203 931 alium,
1216 876 1287 923 cui
1301 892 1428 923 carus

130 945 266 1004 effes,
295 945 464 1009 reliqui.
510 944 667 994 Effecit
692 945 756 993 ira
772 980 786 1006 ,
820 959 867 993 ut
891 961 1105 1011 tyrannus
1124 949 1429 1012 tyrannicidae

131 1037 285 1068 manus
304 1018 612 1069 commodaret
626 1053 641 1078 ‚
665 1031 708 1067 et
730 1019 939 1082 praesidia
966 1020 1037 1067 sua
1059 1021 1210 1085 gladio
1236 1022 1314 1069 suo
1333 1039 1429 1070 cae-2

134 1094 268 1141 deret.
293 1094 477 1154 Quanto
493 1091 730 1139 animosius
747 1092 990 1140 Alexander
1008 1092 1026 1139 ?
1048 1094 1122 1157 qui
1142 1112 1243 1142 cum
1261 1095 1429 1159 legiffet

134 1159 362 1228 epistolam
395 1164 576 1224 matris,
609 1181 695 1229 qua
729 1164 1078 1224 admonebatur,
1114 1180 1162 1214 ut
1189 1184 1213 1214 a
1243 1183 1427 1215 veneno

135 1237 325 1303 Philippi
343 1236 504 1286 medici
525 1252 726 1298 caveret,
742 1253 965 1302 acceptam
987 1237 1219 1302 potionem
1240 1258 1332 1289 non
1351 1242 1429 1289 de-

135 1312 308 1361 territus
332 1312 454 1360 bibit.
472 1313 571 1361 Plus
591 1312 669 1360 fibi
694 1311 749 1361 de
772 1312 920 1360 amico
944 1313 1023 1360 suo
1050 1315 1250 1362 credidit.
1272 1316 1429 1380 dignus

92 1400 95 1402 ·
135 1384 220 1433 fuit
235 1385 312 1449 qui
327 1386 611 1437 innocentem
632 1386 833 1445 haberet,
853 1386 1010 1451 dignus
1027 1387 1103 1452 qui
1120 1386 1295 1437 faceret.
1327 1389 1432 1438 Hoc

136 1475 194 1507 eo
217 1459 354 1524 magis
379 1461 425 1507 in
454 1461 708 1518 Alexandro
733 1461 866 1508 laudo
882 1496 895 1519 ‚
919 1461 1021 1525 quia
1054 1479 1187 1510 nemo
1207 1474 1311 1511 -tam
1343 1464 1432 1512 ob·

141 1534 301 1584 noxius
320 1536 409 1585 irae
429 1535 523 1584 fuit.
551 1553 643 1601 quo
670 1536 811 1584 rarior
832 1549 980 1584 autem
1009 1538 1260 1585 moderatio
1286 1539 1331 1585 in
1355 1555 1432 1586 re·-

140 1609 292 1672 gibus,
316 1609 404 1657 hoc
422 1610 636 1657 laudanda
654 1609 792 1673 magis
814 1610 888 1658 est.
918 1610 1037 1657 Fecit
1060 1611 1147 1658 hoc
1173 1623 1217 1659 et
1242 1613 1296 1659 C.
1315 1612 1431 1660 Cae-³

138 1682 235 1741 sar,
267 1682 338 1729 ille
371 1684 450 1747 qui
477 1682 666 1730 victoria
705 1681 825 1730 civili
861 1682 1192 1731 clementissime
1224 1684 1325 1732 usus
1354 1685 1432 1736 est.

138 1773 240 1804 cum
255 1755 411 1804 scrinia
430 1755 780 1820 deprehendisset
791 1755 1072 1820 epistolarum
1092 1757 1145 1803 ad
1163 1758 1430 1821 Pompeium

142 1828 364 1876 miffarum
387 1830 442 1876 ab
461 1829 541 1888 iis,
572 1830 651 1894 qui
677 1830 943 1878 videbantur
962 1844 1036 1876 aut
1055 1830 1100 1877 in
1124 1830 1334 1890 diversis,
1355 1846 1432 1879 aut

140 1899 186 1947 in
213 1900 378 1949 neutris
403 1901 528 1949 suiffe
550 1902 771 1965 partibus,
804 1902 1067 1950 combussit:
1094 1904 1300 1967 quamvis
1329 1920 1432 1954 mo-

142 1972 293 2021 derate
311 1972 470 2021 soleret
492 1973 646 2032 irasci,
678 1974 829 2022 maluit
851 1987 997 2022 tamen
1028 1991 1120 2022 non
1145 1976 1283 2039 poffe.
1312 1978 1432 2024 Gra-

112 2056 119 2060 '
141 2045 352 2093 tiffimum
378 2047 553 2110 putavit
572 2063 709 2111 genus
729 2048 884 2097 veniae
900 2080 914 2103 ‚
940 2048 1103 2097 nescire
1120 2049 1226 2113 quid
1240 2041 1434 2115 ¹quisque

144 2118 372 2182 peccasset.
400 2119 644 2167 Plurimum
674 2120 778 2166 mali
816 2120 1048 2169 credulitas
1079 2121 1195 2168 facit.
1227 2122 1352 2185 saepe
1378 2138 1436 2172 ne

143 2191 411 2239 audiendum
428 2193 606 2257 quidem
626 2193 688 2240 est
703 2230 716 2253 ,
733 2195 944 2257 quoniam
965 2195 1010 2242 in
1029 2194 1291 2260 quibusdam
1307 2195 1440 2244 rebus

147 2267 275 2315 satius
301 2267 362 2314 est
390 2268 565 2331 decipi,
583 2285 714 2332 quarn
738 2269 950 2318 diffidere,

215 2340 388 2387 XXIV.
424 2341 644 2387 Tollenda
670 2359 725 2388 ex
753 2343 904 2403 animo
933 2342 1121 2406 suspicio
1145 2354 1189 2392 et
1212 2344 1439 2394 'coniessu-

148 2428 197 2459 ra
215 2447 228 2470 ,
261 2413 526 2460 fallaciffima
554 2415 838 2464 irritamenta.
868 2416 940 2463 Ille
968 2434 1038 2463 me
1065 2434 1218 2479 parum
1246 2419 1438 2467 humane

148 2484 350 2531 salutavit
366 2518 378 2540 ‚
409 2485 480 2531 ille
493 2487 648 2533 osculo
675 2503 776 2533 meo
797 2504 888 2536 non
908 2488 1098 2538 adhaesit
1115 2522 1131 2550 9
1160 2489 1232 2537 ille
1250 2491 1436 2540 inchoa-

212 2551 262 2599 L.
290 2552 415 2599 Arm.
444 2554 613 2600 Seneca.
644 2556 735 2604 Vol,
757 2552 797 2609 I,
1163 2555 1212 2602 D
