1741 2919
283 145 347 194 72
547 130 597 180 L.
647 131 945 180 ANNAEI
990 133 1351 183 SENECAE

279 238 398 285 tiens
428 238 664 286 hominum
702 257 938 304 rerumque
972 241 1021 290 fit
1051 261 1062 289 ε
1093 244 1148 290 ex
1183 243 1409 291 leviffimis
1439 244 1575 293 causis

284 311 495 358 irascatur
529 329 647 360 nunc
689 315 930 376 personae,
959 333 1076 363 nunc
1112 317 1324 380 negotio,
1356 334 1473 364 nunc
1502 316 1575 363 lo·-

285 399 344 430 co
359 419 371 440 ,
394 402 508 431 nunc
530 385 732 433 fortunae
752 423 765 445 ,
795 407 913 436 nunc
930 389 1020 436 fibi.
1049 391 1199 454 Itaque
1213 403 1260 436 ut
1278 390 1453 453 quietus
1469 388 1576 451 pos-

284 454 335 501 fit
354 456 438 503 effe
458 458 627 507 animus
642 492 656 513 ‚
677 477 769 506 non
788 461 848 508 est
868 463 1086 524 iactandus
1101 495 1116 519 ‚
1138 479 1219 510 nec
1240 464 1480 510 multarum
1496 498 1509 519 ,
1527 472 1577 508 ut

285 527 379 574 dixi
394 564 407 586 ‚
428 546 574 577 rerum
595 533 689 578 actu
708 532 976 597 fatigandus,
1002 551 1085 582 nec
1113 552 1366 597 magnarum
1381 570 1394 591 ‚
1424 535 1577 597 supra-

286 617 373 664 que
394 602 512 651 vires
530 605 837 667 appetitarum.
858 607 1002 654 Facile
1026 606 1110 663 est,
1131 608 1243 657 levia
1263 622 1411 671 aptare
1429 607 1577 653 cervi-

285 674 436 731 cibus,
456 691 500 721 et
527 675 572 721 in
598 675 711 725 hanc
729 689 804 722 aut
825 677 871 723 in
891 676 1011 724 illam
1039 691 1206 741 partem
1232 678 1469 726 transferre
1489 678 1577 725 fine

286 744 407 807 lapsu
426 764 437 792 z
457 763 500 794 at
518 765 631 810 quae
650 747 803 795 alienis
824 749 868 794 in
895 765 977 795 nos
1004 752 1201 797 manibus
1223 751 1424 813 imposita
1448 765 1576 811 aegre

286 817 564 875 sustinemus,
582 820 688 867 vieti
707 821 752 867 in
771 822 982 883 proximo
1003 821 1294 878 effundimus,
1309 835 1352 868 et
1370 823 1474 870 dum
1494 820 1576 868 sta·-

287 906 384 936 mus
403 891 480 938 sub
507 891 691 949 sarcina,
718 892 906 955 impares
929 895 1056 940 oneri
1083 895 1351 942 vacillamus.

342 966 452 1011 VH.
475 967 595 1012 idem
618 967 816 1013 accidere
839 968 883 1013 in
904 968 1033 1014 rebus
1061 968 1264 1016 civitibus
1291 985 1340 1014 ac
1367 965 1578 1014 domestic

287 1036 350 1083 cis
366 1073 378 1091 ,
399 1039 516 1084 scias.
538 1039 726 1103 Negotia
747 1040 947 1102 expedita
961 1052 1003 1087 et
1020 1040 1178 1087 habilia
1197 1041 1436 1103 sequuntur
1456 1041 1576 1088 acto-

285 1127 380 1156 rem
400 1127 410 1155 ε
434 1110 625 1174 ingentia
644 1148 656 1170 ‚
683 1126 725 1158 et
743 1112 870 1175 supra
890 1113 1134 1160 mensuram
1157 1114 1323 1178 agentis
1341 1150 1354 1172 ‚
1373 1130 1455 1161 nec
1475 1114 1577 1160 dant

287 1183 330 1231 se
348 1184 489 1243 facile,
511 1202 553 1233 et
568 1187 598 1232 fi
617 1201 829 1250 occupata
850 1187 968 1245 sunt,
983 1180 1333 1252 premunt'atque
1353 1188 1576 1236 adducunt

287 1258 661 1306 administrantem
679 1295 693 1316 ‚
713 1261 943 1323 tenerique
972 1260 1058 1306 iam
1090 1259 1180 1308 visa
1200 1296 1214 1318 ,
1243 1278 1342 1307 cum
1375 1259 1472 1322 ipso
1505 1276 1577 1306 cae

288 1331 412 1378 dunt⁹
438 1333 587 1394 Itaque
612 1331 686 1391 fit,
712 1347 760 1379 ut
782 1332 1038 1395 frequenter
1067 1333 1188 1379 irrita
1219 1333 1268 1378 sit
1293 1333 1384 1379 eius
1411 1332 1575 1380 volun-

288 1417 382 1459 tas,
408 1404 486 1465 qui
518 1421 609 1450 non
636 1421 746 1468 quae
779 1403 917 1449 faci-lia
950 1405 1044 1450 sunt
1069 1404 1347 1466 aggreditur,
1379 1403 1450 1449 sed
1480 1403 1576 1450 vult

287 1473 435 1522 facilia
453 1475 559 1533 effe,
580 1494 692 1539 quae
717 1477 933 1540 aggressus
958 1478 1033 1525 est.
1064 1478 1286 1538 Quotiens
1306 1476 1468 1538 aliquid
1495 1494 1575 1523 co-

287 1547 481 1606 naberis,
504 1565 545 1596 te
566 1549 688 1595 simul
707 1563 750 1596 et
767 1567 813 1597 ea
832 1566 942 1613 quae
959 1566 1086 1613 paras
1101 1583 1114 1606 ‚
1135 1550 1380 1613 quibusque
1401 1550 1577 1610 pararis,

285 1618 376 1681 ipse
396 1620 563 1666 metire.
584 1622 729 1669 Faciet
746 1622 864 1670 enim
888 1635 931 1670 te
950 1623 1149 1686 asperum
1170 1621 1442 1685 poenitentia
1466 1638 1578 1684 ope-

287 1691 347 1737 ris
367 1690 527 1740 infecti.
557 1693 660 1739 Hoc
694 1693 870 1741 interest
883 1730 898 1751 ‚
918 1708 1066 1741 utrum
1086 1694 1183 1758 quis
1202 1692 1362 1739 fervidi
1387 1692 1435 1738 fit
1458 1693 1579 1756 inge·

286 1764 377 1821 nii,
409 1782 463 1811 an
491 1765 640 1829 frigidi
659 1779 788 1830 atque
820 1769 1007 1815 humilis.
1035 1767 1252 1832 generoso
1275 1766 1438 1829 repulsa
1468 1768 1577 1815 iram

284 1841 533 1902 exprimet,
563 1840 772 1906 languido
794 1843 1011 1907 inertique
1036 1841 1266 1889 tristitiam⁶
1294 1843 1413 1904 Ergo
1443 1841 1577 1888 afflo-

284 1933 365 1963 nes
385 1915 555 1963 nostrae
569 1934 650 1964 nec
667 1935 831 1980 pravae
852 1917 931 1964 fint
945 1954 956 1975 ,
976 1934 1058 1966 nec
1078 1917 1262 1963 audaces
1275 1953 1288 1973 ,
1309 1933 1389 1962 nec
1407 1915 1576 1978 impro-

286 1988 380 2040 bae.
394 1988 441 2035 in
458 1989 654 2036 vicinum
676 1989 771 2053 spes
789 2003 928 2037 exeat.
944 1989 1052 2036 nihil
1071 2005 1309 2046 conemur,
1328 1989 1451 2052 quod
1469 2004 1577 2034 mox

283 2063 434 2124 adepti
454 2079 635 2127 quoque
656 2063 895 2110 succeffiffe
914 2064 1139 2110 miremur.

350 2137 465 2182 Vm.
505 2137 677 2183 Demus
710 2153 923 2197 operam,
954 2153 1009 2183 ne
1042 2135 1309 2197 accipiamus
1340 2133 1545 2180 iniuriam
1564 2169 1578 2193 9

285 2223 417 2269 quam
441 2206 558 2254 ferre
587 2209 815 2255 nescimus.
837 2210 952 2254 Cum
983 2207 1273 2270 placidiffimo
1293 2218 1336 2252 et
1364 2205 1578 2252 facillimo

282 2291 327 2325 et
359 2280 542 2327 minime
570 2280 774 2326 obnoxio
804 2279 1079 2343 morosoque
1110 2279 1357 2327 vivendum
1389 2277 1463 2323 est.
1493 2278 1578 2323 διι-

283 2366 464 2399 muntur
493 2371 515 2398 a
547 2354 911 2401 conversantibus
940 2369 1118 2400 mores:
1146 2365 1189 2399 et
1216 2367 1262 2399 ut
1288 2352 1501 2415 quaedam
1530 2351 1577 2398 in

283 2424 516 2484 ,εοηῑειξὶοε
537 2427 742 2490 corporis
767 2426 876 2477 vitia
893 2425 1162 2484 transiliunt,
1183 2425 1242 2479 ita
1269 2425 1439 2474 animus
1464 2422 1576 2473 mala
