1741 2919
320 147 783 202 CONSOLATIO
818 151 909 199 AD
944 149 1283 198 MARCIAM,
1355 148 1439 212 1⁸35

157 274 205 306 re
222 296 234 319 ,
257 260 333 324 qui
357 260 400 307 in
422 261 641 308 eiusmodi
669 258 831 310 casibus
852 268 1017 321 partem
1039 258 1140 304 mali
1161 272 1315 321 putant
1334 289 1348 312 ‚
1367 273 1447 303 au-

157 333 255 378 dire
275 333 438 380 solatia.
460 334 593 380 Nunc
611 331 846 379 incubuisti
872 344 964 378 tota
984 331 1028 377 in
1048 331 1222 378 alteram
1245 344 1411 394 partem
1429 362 1445 385 ‚

159 419 204 452 et
235 406 370 453 oblita
403 407 669 464 meliorum,
699 406 924 453 fortunam
954 419 1073 452 tuam
1092 441 1106 462 ,
1135 422 1222 468 qua
1254 401 1449 452 deterior

157 480 243 539 est,
273 482 436 543 aspicis.
463 483 568 527 Non
589 480 812 528 convertis
838 494 882 527 te
910 481 964 526 ad
989 481 1217 527 convictus
1247 478 1324 524 filii
1356 479 1443 535 tui,

159 554 454 616 occursusque
491 554 742 608 iucundos,
780 568 871 598 non
909 551 964 597 ad
998 551 1185 613 pueriles
1216 549 1449 611 dulcesque

159 625 416 683 blanditias,
445 641 535 671 non
558 625 612 670 ad
637 624 911 670 incrementa
935 623 1177 669 studiorum
1207 639 1217 668 :
1246 621 1448 666 ultimam

157 696 273 743 illam
297 696 455 744 faciem
479 714 627 743 rerum
650 697 828 760 premis.
847 696 938 752 Illi,
959 707 1161 759 tanquam
1185 711 1341 756 parum
1361 694 1450 756 ipsa

155 787 238 833 per
264 770 306 817 se
328 771 508 818 horrida
527 771 601 829 fit,
625 760 841 834 quidquid
868 782 993 832 potes
1014 768 1227 831 congeris,
1247 769 1315 814 Ne
1332 803 1343 822 ‚
1366 767 1454 813 obs

156 844 279 891 secro
305 857 376 901 te,
399 845 707 906 concupieris,
732 842 1096 907 perverfiffimam
1123 841 1307 906 gloriam
1330 840 1450 888 infe-

155 917 397 963 liciffimam
428 917 585 964 videri.
775 914 778 917 ’

223 992 297 1036 VI.
337 989 473 1035 Simul
511 989 688 1053 cogita,
719 1005 810 1035 non
841 989 927 1036 effe
959 1006 1164 1053 magnum
1187 1025 1199 1044 ‚
1240 990 1283 1037 se
1317 990 1444 1036 rebus

155 1060 376 1124 prosperis
393 1061 554 1108 fortem
576 1079 725 1125 gerere
738 1095 751 1118 ,
771 1062 848 1108 ubi
867 1063 1060 1108 secundo
1078 1061 1206 1112 cursu
1226 1061 1314 1107 vita
1333 1079 1443 1123 pro-

156 1133 277 1180 cedit
301 1151 311 1180 :
347 1151 428 1181 nec
460 1134 764 1201 gubernatoris
787 1136 967 1198 quidem
997 1147 1134 1180 artem
1164 1135 1442 1196 tranquillum

155 1222 275 1252 mare
301 1220 344 1253 et
371 1207 615 1269 obsequens
637 1202 793 1253 ventus
819 1207 1009 1252 ostendit
1036 1224 1046 1252 :
1075 1205 1242 1252 adversi
1275 1206 1444 1269 aliquid

153 1276 348 1324 incurrat
375 1289 582 1340 oportet,
609 1280 734 1341 quod
756 1279 951 1325 animum
974 1279 1145 1341 probet.
1166 1278 1357 1325 Proinde
1387 1296 1442 1326 ne

153 1350 398 1398 submiseris
419 1365 488 1409 te,
516 1352 658 1398 immo
691 1369 846 1400 contr-i
879 1352 962 1417 fige
994 1353 1190 1400 stabilem
1224 1354 1440 1416 gradum:

153 1438 199 1471 et
229 1424 447 1488 quidquid
481 1441 668 1471 onerum
697 1425 821 1489 supra
855 1426 1042 1483 cecidit,
1077 1426 1264 1483 sustine,
1294 1427 1441 1490 primo

154 1499 384 1545 dumtaxat
402 1498 584 1562 strepitu
614 1501 864 1548 conterrita.
889 1500 1022 1547 Nulla
1043 1518 1090 1547 re
1113 1502 1255 1548 maior
1274 1502 1443 1550 invidia

154 1570 358 1618 fortunae
381 1569 455 1630 fit,
478 1589 609 1635 quam
639 1590 783 1637 aequo
812 1574 977 1619 animo.
1006 1573 1108 1620 Post
1136 1575 1223 1622 hoc
1254 1575 1445 1624 ostendit

154 1643 216 1689 illi
248 1643 384 1691 filium
420 1644 723 1704 incolumem,
752 1645 943 1692 ostendit
975 1663 1028 1693 ex
1057 1647 1213 1694 amiffo
1244 1663 1445 1712 nepotes·

155 1718 306 1764 Tuum
334 1718 422 1765 illic
441 1719 606 1766 Marcia
625 1720 853 1783 negotium
875 1721 1018 1767 actum
1036 1754 1050 1776 ‚
1075 1720 1157 1768 tibi
1176 1725 1320 1770 Areus
1341 1723 1445 1770 aise-

155 1790 220 1838 dit
239 1809 250 1837 ε
273 1802 313 1838 te
334 1803 494 1839 mutata
515 1793 701 1856 persona
720 1794 969 1842 consolatus
984 1795 1058 1842 est.
1077 1797 1160 1842 Sed
1179 1809 1298 1859 puta,
1322 1798 1444 1843 Mar-

155 1866 248 1924 cia,
273 1882 472 1929 ereptum
503 1868 584 1915 tibi
610 1869 800 1931 amplius
825 1885 962 1932 quam
982 1871 1066 1916 ulla
1088 1887 1279 1934 unquam
1302 1884 1440 1918 mater

154 1939 359 1988 amiserit.
387 1939 510 2003 (non
532 1942 788 2004 permulceo
808 1954 850 1988 te
868 1978 881 2000 ,
904 1960 984 1991 nec
1005 1956 1201 1991 extenuo
1222 1944 1440 1990 calamita-

153 2027 243 2062 tem
262 2014 435 2080 tuam.)
461 2017 490 2062 fi
513 2016 687 2063 fletibus
715 2016 804 2063 fata
830 2018 1067 2065 vincuntur
1083 2054 1096 2076 ‚
1125 2017 1404 2065 conferamus
1428 2035 1439 2063 ε

154 2099 223 2134 eat
241 2088 387 2136 omnis
407 2089 522 2136 inter
541 2090 678 2137 luctus
696 2091 812 2137 dies:
841 2092 1011 2139 noctem
1031 2091 1116 2137 sine
1136 2092 1294 2140 somno
1311 2091 1445 2139 tristi-

155 2160 216 2209 tia
236 2162 461 2210 consumat
481 2181 491 2210 :
512 2163 762 2226 ingerantur
789 2166 979 2213 lacerato
999 2166 1169 2229 pectori
1190 2182 1370 2221 manus,
1399 2180 1444 2216 et

156 2234 202 2281 in
221 2233 357 2298 ipsam
379 2236 542 2284 faciem
569 2238 859 2300 impetus'fiat
880 2257 892 2285 ε
919 2254 1050 2302 atque
1072 2239 1197 2285 omni
1218 2240 1258 2286 se
1287 2255 1448 2303 genere

158 2307 365 2355 saevitiae
396 2309 676 2373 profecturus
696 2327 878 2356 moeror
904 2324 1115 2358 exerceat.
1145 2313 1230 2364 Sed
1260 2311 1290 2358 fi
1317 2314 1448 2361 nullis

156 2382 405 2446 planffibus
431 2384 634 2431 defuncta
665 2396 960 2441 revocantur3
992 2385 1022 2431 fi
1044 2386 1135 2431 sors
1159 2384 1344 2432 immota
1360 2421 1374 2442 ‚
1403 2401 1448 2433 et

158 2456 204 2504 in
234 2469 461 2506 aeternum
492 2455 608 2517 fixa,
639 2457 755 2505 nulla
792 2457 962 2505 miseria
993 2470 1214 2521 mutatur,
1248 2470 1292 2506 et
1324 2474 1446 2506 mors
