1741 2919
345 125 432 173 DE
464 124 1004 186 TRANQUtLLtTATE
1039 123 1230 171 ANIMI.
1335 124 1427 186 269

149 249 285 296 quare
307 232 486 297 sapienti
511 232 618 279 nihil
645 244 799 278 contra
820 231 1081 294 opinionem
1102 231 1294 278 dicamus
1312 230 1428 277 acci-

148 306 265 352 dere.
301 321 392 352 non
423 305 542 351 illum
579 305 742 351 casibus
774 304 1004 349 hominum
1041 305 1319 366 excepimus,
1355 302 1428 349 sed

147 380 399 426 erroribus:
431 396 512 425 nec
539 377 599 425 illi
628 377 776 424 omnia
812 388 859 423 ut
886 377 1029 424 voluit
1057 377 1247 434 cedunt,
1279 376 1352 422 sed
1381 386 1429 422 ut

150 451 374 515 cogitavit.
400 451 600 514 inprimis
621 463 762 497 autem
782 448 1022 512 cogitavit,
1046 449 1161 494 aliud
1180 448 1302 510 poffe
1322 463 1431 510 pro-

148 525 298 588 positis
322 527 406 573 suis
424 525 624 572 resistere.
655 523 835 570 Necesse
856 522 915 571 est
941 535 1083 568 autem
1103 522 1244 568 levius
1262 523 1316 567 ad
1337 520 1437 568 ani-.

148 615 269 644 mum
299 598 543 661 pervenire·
561 596 786 643 destitutae
816 596 1064 658 cupiditatis
1090 596 1290 642 dolorem
1308 627 1321 650 ‚
1360 594 1430 642 cui

148 669 385 717 succeffum
406 687 496 716 non
514 670 663 733 utique
683 669 950 732 promiseris.

216 742 338 789 X1V.
369 743 529 788 Faciles
555 744 688 788 etiam
710 757 789 787 nos
809 741 953 788 facere
968 740 1174 788 debemus
1191 772 1206 796 9
1227 757 1282 787 ne
1301 740 1433 787 nimis

153 814 373 862 destinatis
398 815 528 861 rebus
561 815 872 878 indulgeamus.
904 813 1170 861 transeamus
1199 814 1244 860 in
1276 830 1354 872 ea,
1385 814 1434 860 in

150 904 262 951 quae
293 905 374 936 nos
403 888 520 935 casus
551 888 804 934 deduxerit:
826 904 908 934 nec
935 887 1199 934 mutationes
1227 898 1301 934 aut
1325 904 1434 934 con-

152 961 229 1008 filii
255 977 328 1009 aut
348 961 476 1008 status
496 961 844 1024 pertimescamus
861 978 871 1006 ε
894 961 1139 1006 dummodo
1158 976 1240 1007 nos
1259 961 1437 1019 levitas,

152 1034 491 1082 inimicissimum
523 1034 658 1097 quieti
686 1034 865 1092 vitium,
895 1050 984 1079 non
1011 1033 1211 1096 excipiat.
1247 1036 1361 1081 Nam
1392 1047 1436 1082 et

155 1110 392 1173 pertinacia
414 1110 579 1157 neceffe
601 1109 662 1156 est
683 1110 809 1155 anxia
829 1124 871 1156 et
892 1109 1043 1154 misera
1064 1109 1138 1167 fit,
1166 1109 1237 1157 cui
1256 1108 1437 1156 fortuna

155 1181 278 1244 saepe
306 1181 470 1245 aliquid
505 1192 763 1243 extorquet:
796 1193 837 1226 et
863 1181 1017 1227 levitas
1049 1182 1191 1227 multo
1223 1180 1438 1245 gravior,

155 1270 368 1317 nusquam
392 1254 430 1299 se
461 1252 699 1299 continens.
725 1255 971 1316 Utrumque
999 1251 1203 1298 infestum
1234 1252 1294 1299 est
1319 1264 1440 1297 tran-

154 1328 351 1391 quillitati
366 1363 378 1385 ‚
398 1340 440 1373 et
465 1327 573 1372 nihil
594 1339 761 1372 mutare
782 1325 904 1388 poffe
921 1361 934 1382 ‚
956 1337 998 1371 et
1018 1325 1124 1370 nihil
1144 1325 1246 1387 pati.
1272 1325 1440 1387 Utique

157 1402 326 1448 animus
348 1402 401 1450 ab
419 1401 624 1447 omnibus
641 1401 829 1446 externis
847 1400 888 1444 in
911 1399 951 1445 se
973 1400 1251 1446 revocandus
1268 1398 1341 1445 est.
1362 1397 1439 1445 fibi

157 1473 351 1521 confidat
368 1510 382 1531 ,
414 1473 455 1520 se
484 1473 691 1536 gaudeat,
716 1472 787 1518 sua
815 1472 1042 1534 suspiciat:
1065 1473 1238 1519 recedat
1256 1507 1270 1529 ‚
1300 1488 1441 1535 quan-

155 1560 248 1594 tum
270 1545 411 1610 potest
426 1582 438 1603 ‚
452 1547 505 1592 ab
524 1545 671 1592 alienis
686 1582 700 1602 ‚
714 1559 757 1591 et
776 1545 817 1592 se
836 1545 910 1590 fibi
927 1545 1119 1607 applicet
1133 1580 1146 1602 ,
1169 1546 1329 1591 damna
1348 1562 1440 1592 non

156 1618 337 1676 sentiat,
364 1618 495 1665 etiam
531 1618 710 1664 adversa
742 1617 927 1680 benigne
961 1618 1284 1680 interpretetur.
1311 1619 1441 1664 Nun-

156 1692 267 1740 tiato
286 1690 512 1755 naufragio
530 1726 543 1746 ,
574 1692 698 1737 Zeno
731 1690 902 1745 noster,
934 1707 1034 1736 cum
1057 1690 1208 1735 omnia
1227 1689 1298 1736 sua
1317 1689 1442 1735 audi-

157 1779 223 1813 ret
245 1764 486 1821 submersa,
510 1763 631 1810 Iubet
649 1799 662 1820 ‚
697 1762 836 1825 inquit
856 1796 869 1819 .,
890 1778 959 1808 me
987 1760 1166 1808 fortuna
1190 1761 1440 1824 expeditius

158 1838 473 1903 philosophari.
511 1838 760 1885 Minabatur
790 1837 1044 1884 Theodoro
1069 1837 1334 1899 philosopho
1364 1850 1440 1900 ty-

157 1927 318 1958 rannus
341 1923 531 1957 mortem
550 1945 564 1967 ,
592 1923 635 1957 et
663 1910 842 1972 quidem
870 1908 1137 1971 insepultam.
1164 1909 1338 1965 Habes,
1370 1910 1441 1954 in-

160 1985 283 2048 quit,
311 2002 388 2032 cur
415 1984 494 2031 tibi
518 1984 710 2046 placeas:
735 1982 909 2028 hemina
942 1981 1155 2044 sanguinis
1181 1981 1226 2028 in
1255 1994 1328 2028 tua
1357 1998 1442 2045 po-

161 2058 309 2106 testate
338 2058 411 2105 est.
441 2075 541 2103 nam
571 2057 690 2120 quod
719 2057 773 2102 ad
801 2057 1061 2119 sepulturam
1089 2057 1307 2118 pertinet,
1336 2072 1365 2102 ο
1397 2069 1443 2103 te

159 2131 353 2194 ineptum
374 2168 388 2189 ‚
414 2131 445 2178 fi
471 2145 593 2193 putas
623 2129 820 2177 intereffe
840 2167 853 2186 ,
878 2130 1001 2192 supra
1030 2141 1187 2175 terram
1206 2166 1220 2187 ,
1249 2147 1303 2175 an
1328 2129 1444 2175 infra-

161 2205 415 2268 putrescam.
442 2206 589 2251 Canus
619 2204 749 2250 Iulius
768 2239 781 2261 ,
812 2204 884 2251 vir
911 2202 1111 2264 inprimis
1136 2219 1341 2265 magnus,
1362 2218 1443 2249 cu-

162 2279 227 2325 ius
256 2278 532 2325 admirationi
557 2294 610 2323 ne
632 2277 720 2323 hoc
745 2276 921 2340 quidem
951 2275 1119 2332 obstat,
1147 2275 1269 2338 quod
1290 2276 1441 2321 nostro

163 2352 308 2399 seculo
339 2364 461 2398 natus
496 2351 588 2407 est,
630 2363 729 2397 cvm
767 2349 880 2396 Caio
913 2348 990 2393 diu
1026 2349 1282 2405 altercatus,
1318 2348 1444 2412 post-

164 2439 297 2488 quam
322 2423 496 2471 abeunti
524 2423 684 2471 Falaris
709 2421 780 2470 ille
812 2421 951 2477 dixit,
972 2421 1042 2468 Ne
1062 2419 1180 2468 forte
1198 2421 1346 2484 inepta
1366 2420 1442 2484 spe
