1741 2919
264 105 424 200 '156'
560 139 609 185 L.
654 139 943 185 ANNAEI
990 137 1329 185 SENECAE

295 261 442 301 nunc,
469 245 621 306 quod,
656 263 755 292 cum
788 247 958 309 semper
987 247 1211 309 praedices
1246 247 1462 293 cariorem
1499 244 1580 293 tibi

293 319 445 379 spii-itu
487 330 564 364 tuo
593 319 825 366 Caesarem
856 321 971 377 effe,
1000 321 1067 367 fas
1104 321 1184 367 tibi
1213 337 1304 366 non
1332 320 1422 378 est,
1455 320 1581 367 salvo

290 390 503 448 Caesare,
538 392 593 439 de
623 391 803 455 fortuna
830 396 971 457 queri.
996 396 1098 441 Hoc
1123 394 1363 450 incolumi,
1393 393 1498 440 salvi
1528 393 1582 439 ti·

292 462 339 508 bi
362 463 455 510 sunt
473 464 535 510 tui
555 482 565 510 ε
587 465 691 511 nihil
718 466 974 528 perdidisti:
1000 485 1090 514 non
1111 481 1279 515 tantum
1313 466 1451 513 ficcos
1471 483 1584 513 ocu-

291 537 360 584 los
390 552 491 585 tuos
520 539 633 596 effe,
665 540 735 586 sed
756 540 886 586 etiam
917 542 1055 589 laetos
1083 554 1276 603 oportet.
1308 540 1351 586 in
1388 541 1474 587 hoc
1501 538 1582 586 tibi

294 611 445 658 omnia
465 612 561 659 sunt
585 631 595 659 :
618 612 689 659 hic
712 630 796 676 pro
820 614 1027 661 omnibus
1044 613 1120 661 est.
1140 613 1279 674 Quod
1297 613 1468 676 longea
1488 613 1584 658 sen-

294 683 408 730 sibus
434 684 518 731 tuis
552 685 893 747 prudentiffimis
924 686 1210 750 piissimisque
1240 686 1354 735 abest
1373 722 1385 744 ‚
1421 686 1586 733 adver-

293 759 361 804 sus
388 758 641 806 felicitatem
669 771 788 806 tuam
827 778 980 824 parum
1010 773 1154 825 gratus
1183 778 1227 806 es
1246 797 1259 814 ,
1292 760 1319 806 fi
1350 760 1429 806 tibi
1456 759 1586 823 quid-

294 849 449 896 quam,
470 834 559 880 hoc
587 834 725 890 salvo,
751 834 859 881 flere
888 835 1118 898 permittis.
1155 833 1414 880 Monstrabo
1439 833 1585 879 etiam-

294 922 399 951 num
413 942 425 962 ,
443 923 534 952 non
551 907 728 970 quidem
750 906 918 954 firmius
942 907 1182 954 remedium
1199 943 1212 964 ,
1229 906 1300 952 sed
1320 901 1588 951 familiarius.

293 978 337 1022 Si
365 979 546 1041 quando
574 990 616 1024 te
644 979 832 1025 domum
862 979 1109 1041 receperis,
1140 992 1246 1026 tunc
1274 977 1355 1024 erit
1380 977 1459 1023 tibi
1490 991 1587 1022 me-

291 1052 456 1098 tuenda
490 1051 671 1098 tristitia.
702 1065 804 1099 nam
843 1053 1056 1115 quamdiu
1089 1069 1253 1098 numen
1283 1062 1410 1097 tuum
1440 1049 1587 1096 intue-

291 1124 438 1182 beris,
472 1125 643 1171 nullum
673 1125 745 1171 illa
777 1126 831 1171 ad
861 1137 903 1173 te
931 1126 1131 1174 inveniet
1159 1123 1407 1172 accessum:
1436 1120 1589 1169 omnia

293 1198 341 1246 in
363 1214 407 1246 te
437 1197 598 1245 Caesar
628 1199 826 1246 tenebit:
849 1216 951 1247 cum
986 1200 1040 1245 ab
1065 1199 1140 1246 illo
1167 1197 1429 1256 discesseris,
1455 1212 1589 1252 tunc,

292 1272 418 1320 velut
443 1271 678 1321 occasione
703 1273 802 1321 data
818 1310 830 1332 ,
850 1272 1124 1320 insidiabitur
1142 1271 1367 1319 solitudini
1387 1285 1485 1318 tuae
1506 1271 1589 1317 do-

293 1347 386 1406 lor,
411 1360 454 1394 et
476 1347 765 1411 requiescenti
794 1347 945 1394 animo
967 1359 1048 1395 tuo
1068 1346 1278 1411 paulatim
1298 1346 1474 1408 irrepet.
1501 1348 1590 1391 Ita-

294 1438 381 1484 que
410 1437 503 1468 non
529 1422 615 1477 est,
650 1423 775 1484 quod
797 1422 934 1468 ullum
967 1433 1144 1485 tempus
1171 1437 1330 1469 vacare
1357 1420 1533 1483 patiaris
1560 1436 1589 1477 ‚a

296 1499 463 1545 studiis,
499 1512 604 1546 tunc
643 1497 722 1545 tibi
752 1497 901 1546 literae
928 1512 1060 1554 tuae,
1097 1510 1187 1545 tam
1219 1497 1293 1544 diu
1328 1514 1377 1544 ac
1405 1508 1495 1543 tam
1531 1494 1587 1542 fi-

295 1573 452 1619 deliter
476 1585 665 1628 amatae,
701 1572 883 1636 gratiam
911 1573 1102 1620 referant
1124 1591 1139 1620 z
1155 1586 1260 1620 tunc
1287 1584 1330 1619 te
1355 1571 1451 1618 illae
1480 1571 1591 1618 anti·

294 1647 437 1692 ssitem
468 1660 511 1693 et
537 1647 750 1693 cultorem
778 1646 899 1693 suum
932 1647 1161 1693 vindicent
1187 1665 1199 1693 t
1225 1659 1332 1693 tunc
1362 1646 1591 1692 Homerus

297 1731 343 1766 et
374 1719 612 1782 Virgilius,
642 1734 730 1765 tam
760 1719 871 1768 bene
902 1719 957 1766 de
982 1721 1180 1767 humano
1208 1734 1370 1781 genere
1403 1718 1584 1773 meriti,

296 1811 429 1857 quam
458 1806 504 1840 tu
534 1795 587 1840 de
614 1795 823 1842 omnibus
847 1806 890 1841 et
916 1795 969 1841 de
997 1795 1077 1841 inis
1104 1791 1325 1850 meruisti,
1354 1808 1469 1856 quos
1489 1791 1590 1854 plu-

298 1870 418 1917 ribus
443 1882 577 1917 notos
608 1869 692 1916 effe
722 1868 901 1916 voluisti
933 1887 1063 1933 quam
1088 1868 1371 1929 scripserant,
1404 1867 1590 1914 multum

296 1953 446 1990 tecum
468 1957 714 1990 morentur.
735 1953 879 1988 tutum
912 1941 954 1988 id
983 1941 1063 1988 erit
1082 1958 1218 1989 omne
1240 1955 1415 2003 tempus
1432 1975 1445 1996 ,
1463 1939 1589 2002 quod

296 2014 380 2064 illis
403 2017 615 2063 tuendum
643 2014 930 2063 commiseris.
950 2017 1079 2062 Tunc
1100 2015 1296 2062 Caesaris
1322 2015 1389 2060 tui
1418 2030 1554 2071 opera
1570 2045 1588 2070 ‚

295 2102 346 2136 ut
365 2106 443 2152 per
462 2091 612 2137 omnia
635 2089 776 2136 secula
792 2087 1042 2136 domestico
1064 2101 1297 2135 narrentur
1314 2086 1557 2150 praeconio
1572 2121 1588 2146 ,

296 2176 513 2226 quantum
544 2177 671 2226 potes
689 2177 915 2226 compone
940 2179 1071 2208 :nam
1095 2161 1185 2225 ipse
1202 2160 1281 2207 tibi
1301 2159 1469 2223 optime
1493 2158 1591 2205 for·

295 2236 449 2283 mandi
481 2235 795 2300 condendique
819 2251 888 2283 res
917 2234 1083 2299 gestas,
1114 2247 1159 2287 et
1185 2233 1411 2281 materiam
1440 2232 1591 2290 dabit,

297 2321 340 2356 et
367 2312 637 2373 exemplum.

361 2387 554 2431 XXVII.
597 2386 704 2432 Non
739 2385 881 2433 audeo
906 2398 949 2432 te
978 2399 1118 2446 usque
1145 2399 1204 2430 eo
1229 2383 1504 2445 producere,
1536 2394 1589 2449 ut

291 2458 468 2508 fabellas
498 2476 683 2525 quoque
705 2473 750 2509 et
774 2458 1005 2523 Aesopeos
1026 2458 1185 2523 logos,
1203 2456 1466 2506 intentatum
1483 2456 1583 2502 Ro-
