1741 2919
299 160 822 209 CONSOLATm
868 161 972 207 AD
1018 160 1292 208 POLYB.
1369 143 1458 222 14‘9

164 268 446 331 profuturum
472 270 675 327 dolorem
698 280 824 330 tuum
843 303 855 324 ‚
877 283 956 315 nec
976 267 1037 313 illi
1060 284 1190 330 quem
1215 266 1430 314 desideras
1445 303 1460 319 ,

166 359 248 389 nec
276 343 370 390 tibi.
399 342 522 390 noles
542 342 660 390 enim
695 341 876 404 longum
898 340 983 387 effe
1001 376 1013 396 ‚
1035 341 1158 404 quod
1189 340 1360 387 irritum
1387 340 1464 387 est.

170 416 287 461 Nam
308 415 338 460 si
359 415 600 479 quidquam
623 412 792 459 tristitia
816 413 1061 475 profechzri
1085 413 1254 469 sumus,
1275 430 1368 459 non.
1390 428 1476 460 re*

165 488 270 534 cuso
286 524 299 545 ‚
317 487 536 551 quidquid
555 486 836 532 lacrimarum
877 491 1063 533 'ortunae
1084 503 1204 539 meae
1225 485 1461 549 superfuit,
1490 544 1491 547 Ἰ

164 574 262 608 tuae
291 560 486 607 sundere.
513 559 739 607 inveniam
761 559 892 607 exiam
920 577 1036 607 nunc
1053 596 1066 617 ,
1094 577 1172 622 per
1195 559 1276 607 hos
1296 560 1461 607 exhau-

165 633 252 681 stos
282 633 368 679 iam
399 631 576 679 fletibus
600 631 853 679 domesticis
881 633 1038 679 ocrlss
1069 631 1190 695 quod
1218 632 1366 678 effluat
1386 668 1399 689 ‚
1430 632 1462 679 fi

165 708 305 755 modo
323 706 370 753 id
389 706 468 753 tibi
487 706 686 753 futurum
708 708 830 753 bono
850 706 922 753 est.
940 705 1064 766 Quid
1085 704 1241 752 cessa-s?
1262 721 1463 766 conque-

164 797 324 826 ramur.
344 791 475 844 atque
495 780 609 827 adeo
628 779 717 842 ipse
737 780 849 827 hanc
868 779 989 826 litem
1011 795 1152 826 meam
1176 778 1347 825 faciam.
1371 779 1460 825 lni-

165 853 366 916 ouiffima
397 853 601 900 omnium
637 852 803 900 iudicio
834 852 1039 910 fortuna,
1067 851 1212 898 adhuc
1243 850 1465 899 videbarfs

164 926 219 970 ab
237 943 292 972 eo
313 925 494 972 homine
521 940 562 972 re
582 926 845 972 continuisse
860 961 876 984 ,
899 925 976 989 qui
999 941 1178 971 munere
1193 937 1273 971 tuo
1295 938 1464 971 tantam

164 998 499 1048 venerationem
526 1013 780 1062 receperat,
807 1010 882 1057 ut,
915 998 1038 1061 quod
1065 1014 1166 1045 raro
1193 998 1267 1044 ulli
1288 997 1465 1046 contin-

164 1071 227 1136 git
242 1104 255 1127 ,
277 1071 461 1118 felicitas
476 1071 568 1118 eius
589 1071 805 1134 effugeret
825 1071 1058 1117 invidiam.
1082 1072 1198 1117 Ecce
1218 1087 1316 1118 eum
1337 1070 1465 1117 dolo-

164 1163 259 1192 rem
279 1144 342 1192 illi
362 1179 377 1201 ‚
398 1163 529 1209 quem
552 1146 671 1193 salvo
689 1146 874 1192 Caesare
893 1146 1095 1207 accipere
1116 1145 1355 1191 maximum
1378 1162 1465 1207 po-

165 1230 306 1275 terat,
342 1218 587 1282 impreffisti
610 1235 620 1264 z
644 1229 686 1265 et
719 1235 818 1265 cum
849 1218 961 1265 bene
993 1217 1119 1264 illum
1152 1218 1347 1281 undique
1380 1219 1466 1265 cir-

166 1289 397 1349 cumiffes,
417 1288 666 1336 intellexisti
699 1290 812 1336 hanc
840 1301 1010 1352 partem
1039 1290 1354 1337 tantummodo
1383 1309 1467 1355 pa-

166 1375 258 1410 tere
286 1364 440 1410 iffibus
460 1362 559 1409 tuis.
588 1362 712 1422 Quid
741 1363 858 1410 enim
888 1362 948 1408 illi
973 1362 1092 1409 aliud
1119 1362 1313 1410 faceres?
1334 1381 1468 1427 pecu-

166 1437 283 1484 niam
321 1435 539 1500 eriperes?
593 1452 822 1498 nunquam
860 1434 922 1481 illi
960 1435 1185 1482 obnoxius
1222 1434 1317 1484 fuit.
1351 1454 1469 1486 nunc

166 1528 354 1577 quoque
388 1522 602 1575 quantum
642 1509 791 1573 potest
813 1547 827 1568 ‚
860 1510 977 1557 illam
1008 1527 1031 1556 a
1065 1510 1107 1558 se
1137 1509 1314 1567 abiicit,
1347 1525 1391 1559 et
1423 1513 1469 1559 in

108 1626 113 1628 .
167 1599 287 1634 tanta
320 1585 525 1634 felicitate
557 1586 849 1648 acquirendi,
882 1586 1052 1633 nullum
1084 1587 1304 1634 maiorem
1333 1605 1388 1635 ex
1420 1605 1473 1636 ea

163 1658 391 1715 frustum,
422 1675 555 1722 quam
586 1671 862 1724 contemtum
889 1661 980 1707 eius
1008 1659 1131 1723 petit.
1167 1662 1374 1725 Eriperes
1405 1661 1472 1711 illi

170 1733 372 1781 amicos?
399 1733 563 1781 sciebas
591 1748 682 1781 tam
712 1734 943 1781 amabilem
975 1734 1092 1794 effe,
1122 1745 1171 1782 ut
1191 1735 1317 1784 facile
1337 1737 1380 1784 in
1401 1738 1472 1784 lo-

171 1826 276 1858 cum
298 1802 554 1855 amifforum
581 1808 726 1872 poffet
752 1809 862 1856 alios
885 1808 1156 1857 substituere.
1178 1813 1330 1859 Unum
1350 1811 1474 1860 enim

171 1881 289 1930 hunc
314 1899 369 1930 ex
394 1880 460 1929 his
485 1899 601 1946 quos
620 1882 665 1929 in
696 1882 929 1946 principali
950 1883 1091 1930 domo
1121 1895 1323 1946 potentes
1344 1887 1472 1943 vidi,

171 1955 432 2019 cognovifl‘e
454 1955 647 2004 videor:
685 1973 816 2020 quem
849 1957 1059 2004 omnibus
1091 1958 1283 2006 amicum
1311 1960 1472 2009 habere

170 2045 276 2076 cum
304 2029 537 2092 expediat,
557 2030 694 2094 magis
714 2046 863 2078 tamen
883 2032 1017 2079 etiam
1048 2032 1166 2080 libet.
1193 2036 1394 2099 Eriperes
1412 2037 1475 2085 illi

170 2102 338 2149 bonam
357 2102 650 2166 opinionem?
667 2103 849 2151 solidior
870 2104 931 2151 est
945 2105 1051 2153 haec
1070 2107 1185 2170 apud
1199 2124 1316 2163 eum,
1338 2126 1475 2172 quam

173 2189 224 2221 ut
249 2190 274 2220 a
299 2186 343 2221 te
362 2190 545 2238 quoque
574 2175 666 2237 ipsa
698 2177 879 2225 concuti
909 2177 1064 2241 poss'et.
1083 2179 1285 2242 Eriperes
1303 2181 1472 2231 bonam

175 2248 504 2296 valetudinem?
527 2248 688 2297 sciebas
716 2250 912 2298 animum
938 2251 1031 2299 eius
1055 2252 1309 2302 liberalibus
1339 2256 1476 2304 disci-

176 2321 332 2386 plinis‚
350 2323 509 2386 quibus
527 2340 620 2370 non
635 2323 870 2374 innutritus
892 2339 1060 2373 tantum
1073 2358 1088 2381 ,
1110 2326 1182 2374 sed
1202 2326 1374 2376 innatus
1391 2329 1478 2388 est,·

177 2396 238 2442 fic
268 2395 354 2443 effe
377 2396 607 2445 fundatum
624 2435 637 2458 ,
654 2410 705 2446 ut
731 2399 856 2463 supra
884 2416 1039 2448 omnes
1063 2402 1271 2464 corporis
1304 2404 1483 2453 dolores

169 2469 395 2520 emineret.
448 2471 649 2536 Eriperes
676 2472 909 2537 spiritum?
939 2475 1194 2588 quantulkm
1226 2478 1445 2527 nocuiffes
1462 2478 1486 2527 ἓ

1199 2557 1225 2605 3
