1741 2919
256 166 318 211 24
515 152 565 197 L.
609 148 911 197 ΑΝΝΑΕΙ
951 148 1291 198 SENECAE

255 261 326 307 clia
353 260 441 307 hoc
461 258 591 314 mali,
620 275 712 305 non
741 258 838 306 vult
866 257 971 322 regi.
1002 259 1202 306 Irascitur
1233 257 1403 305 veritati
1429 258 1544 323 ipfi;

256 333 286 379 si
316 344 469 380 contra
499 332 772 378 voluntatem
803 331 921 378 suam
948 331 1225 394 apparuerit:
1247 331 1438 381 clamore
1458 368 1471 389 ‚
1501 343 1546 380 et

257 405 469 459 tumultu,
496 419 538 452 et
557 405 692 451 totius
714 403 917 467 corporis
938 403 1198 459 iactatione,
1226 420 1339 467 quos
1356 403 1547 450 destina-

257 480 324 527 vit
339 516 352 538 ‚
368 479 631 542 insequitur,
651 479 827 526 adiectis
846 479 1064 527 conviciis
1084 480 1426 542 malediflisque.
1445 481 1548 526 Hoc

257 570 351 599 non
374 551 481 600 facit
505 552 618 599 ratio
638 570 647 597 :
671 552 740 597 sed
766 552 796 597 fi
816 552 874 598 ita
894 568 1010 615 opus
1032 552 1120 611 est,
1143 552 1267 600 silens
1286 552 1549 616 quietaque,

258 638 375 674 totas
404 628 564 673 domos
598 625 794 673 funditus
824 626 964 683 tollit,
995 640 1038 674 et
1064 626 1249 674 familias
1280 627 1547 691 reipublicae

259 701 504 765 pestilentes
518 719 618 749 curn
636 701 899 764 coniugibus
920 720 969 750 ac
988 702 1134 748 liberis
1150 703 1312 764 perdit,
1329 703 1441 749 tecla
1459 702 1549 765 ipsa

259 775 418 833 diruit,
455 788 498 822 et
518 776 611 822 solo
629 788 863 838 exaequat,
890 790 933 822 et
952 774 1129 820 inimica
1150 774 1337 821 libertati
1367 776 1549 822 nomina

261 847 482 911 exstirpat⁶
514 850 635 895 Haec
662 864 755 895 non
787 846 1019 906 frendens,
1049 865 1129 895 nec
1159 863 1288 910 caput
1319 848 1550 912 quassans,

262 938 344 968 nec
371 922 612 986 quidquam
642 922 899 968 indecorum
928 922 1063 968 iudici
1093 921 1286 980 faciens,
1315 923 1437 968 cuius
1458 934 1551 968 tum

263 996 454 1044 maxime
478 996 671 1058 placidus
699 995 784 1042 effe
807 996 937 1041 debet
970 1008 1012 1042 et
1035 997 1078 1042 in
1109 996 1215 1042 statu
1240 997 1412 1051 vultus,
1448 1011 1550 1042 cum

264 1086 420 1132 magna
451 1068 718 1133 pronuntiat.
749 1068 871 1128 Quid
894 1085 1007 1131 opus
1031 1068 1117 1128 est,
1148 1070 1291 1133 inquit
1322 1070 1554 1132 Hierony-

266 1160 364 1189 mus
377 1179 391 1199 ‚
413 1160 515 1191 cum
534 1144 641 1190 velis
662 1143 840 1189 caedere
855 1143 1069 1206 aliquem,
1089 1144 1206 1206 prius
1224 1157 1294 1190 tua
1307 1143 1417 1189 labia
1431 1160 1552 1189 mor-

267 1217 400 1264 dere?
427 1216 551 1278 Quid
578 1217 609 1264 fi
642 1216 713 1263 ille
733 1216 932 1273 vidisset,
968 1218 1240 1264 desilientem
1270 1218 1324 1264 de
1350 1215 1552 1263 tribunali

265 1291 576 1354 proconsulem
593 1327 606 1348 ‚
624 1304 666 1339 et
683 1291 817 1339 fasces
837 1291 984 1339 liclori
1002 1292 1267 1338 auferentem
1286 1324 1300 1347 ‚
1325 1303 1367 1337 et
1384 1291 1456 1337 sua
1475 1306 1552 1335 ve-
1580 1287 1581 1291 ’

267 1363 467 1410 ,stimenta
488 1364 752 1411 scindentem
767 1398 780 1418 ‚
811 1363 912 1427 quia
936 1364 1100 1411 tardius
1121 1362 1424 1411 icindebantur
1447 1360 1551 1407 alie-

267 1436 357 1483 na?
381 1435 504 1496 Quid
529 1452 643 1500 opus
670 1434 732 1483 est
764 1436 956 1482 mensam
982 1435 1220 1483 evertere?
1252 1435 1360 1497 quid
1395 1432 1553 1494 pocula

267 1508 493 1572 affligere?
524 1509 630 1572 quid
651 1509 692 1557 se
721 1508 766 1555 in
788 1510 1018 1556 columnas
1037 1508 1311 1571 impingere?
1348 1506 1453 1567 quid
1478 1521 1553 1551 ca·-

267 1580 399 1642 pillos
429 1581 651 1628 evellere?
681 1580 826 1629 femur
855 1582 1092 1644 peciusque
1111 1579 1369 1644 percutere?
1398 1580 1555 1639 Quan-

269 1666 359 1702 tam
382 1653 489 1700 iram
524 1666 674 1717 putas,
710 1671 821 1717 quae
853 1653 955 1717 quia
984 1669 1076 1700 non
1112 1663 1200 1698 tam
1231 1651 1322 1698 cito
1347 1650 1393 1696 in
1419 1649 1555 1696 alium

269 1743 404 1790 quam
430 1727 549 1784 vult,
571 1728 791 1791 erumpit,
820 1726 864 1773 in
890 1726 931 1774 se
957 1725 1227 1773 revertitur?
1257 1718 1456 1771 Tenetur
1473 1722 1556 1769 ita-

270 1817 357 1863 que
387 1817 409 1845 a
434 1801 653 1862 proximis
673 1836 686 1855 ‚
719 1813 762 1847 et
787 1811 996 1863 rogatur,
1028 1815 1075 1846 ut
1104 1797 1193 1861 ipse
1220 1799 1295 1844 fibi
1327 1798 1522 1860 placetur
1541 1813 1555 1842 ε

270 1889 463 1934 quorum
495 1871 603 1918 nihil
630 1871 759 1928 facit,
794 1871 990 1934 quisquis
1018 1887 1184 1918 vacuus
1216 1870 1316 1927 ira,
1354 1868 1556 1916 meritam

271 1946 430 2008 cuique
462 1961 650 2008 poenam
680 1945 882 2007 iniungit.
910 1944 1108 1992 Dimittit
1127 1944 1252 2006 saepe
1279 1960 1406 2001 eum,
1433 1943 1557 1989 cuius

272 2030 502 2079 peccatum
530 2018 845 2081 deprehendit,
872 2018 902 2064 fi
924 2017 1191 2082 poenitentia
1217 2016 1315 2064 fasti
1336 2017 1453 2078 spem
1473 2015 1557 2062 bo-

272 2106 370 2135 nam
397 2090 660 2153 pollicetur3
693 2088 723 2135 si
742 2089 943 2153 intelligit
959 2126 972 2148 ,
999 2106 1091 2136 non
1107 2107 1163 2136 ex
1191 2091 1280 2135 alto
1298 2089 1451 2137 venire
1476 2106 1555 2135 tie-2

272 2162 484 2224 quitiam,
512 2162 585 2209 sed
605 2162 804 2221 summo,
829 2162 952 2225 quod
975 2164 1123 2220 aiunt,
1144 2162 1292 2208 animo
1317 2162 1557 2210 inhaerere³

271 2236 412 2284 Dabit
443 2236 750 2298 impunitatem
772 2272 785 2291 ,
818 2253 900 2282 nec
937 2236 1248 2298 accipientibus
1276 2234 1519 2282 nocituram
1541 2270 1556 2294 ‚

272 2326 354 2356 nec
385 2309 602 2358 dantibus.
637 2311 971 2375 Nonnunquam
1009 2327 1163 2373 magna
1196 2310 1352 2358 scelera
1383 2310 1522 2357 levius
1542 2344 1557 2366 ,

272 2400 405 2447 quam
427 2385 598 2432 minora
618 2388 870 2450 compescet
892 2405 902 2433 ε
924 2388 953 2432 fi
977 2387 1046 2434 illa
1071 2386 1219 2449 lapsu,
1246 2403 1340 2433 non
1365 2385 1556 2434 crudeli·

276 2470 365 2507 tate
384 2459 611 2509 commissa
626 2461 749 2518 sunt3
768 2462 834 2510 his
847 2460 956 2510 inest
973 2462 1106 2512 latens
1123 2475 1167 2510 et
1181 2476 1360 2527 operta,
1373 2472 1417 2509 et
1434 2461 1558 2509 inve-
