1741 2919
300 155 751 204 CONSOLATIO
788 155 886 202 AD
922 154 1261 203 MARCIAM.
1334 153 1422 216 189

141 274 186 311 et
206 264 479 312 exclusorum
504 264 726 312 clientium
747 264 872 311 turba
892 264 1052 311 referta
1071 262 1281 311 vestibula
1299 300 1312 321 ‚
1338 264 1427 311 cla-

143 353 220 393 ra,
248 337 436 396 nobilis,
463 354 537 386 aut
563 337 759 385 formosa
792 339 986 396 coniux,
1018 355 1244 403 ceteraque
1275 357 1331 387 ex
1360 341 1429 390 in-

144 422 263 459 certa
283 424 327 457 et
347 411 503 456 mobili
529 412 645 458 sorte
677 410 942 474 pendentia:
974 412 1104 458 alieni
1134 411 1432 459 commodati-

145 499 234 545 que
253 495 481 545 apparatus
507 483 616 530 sunt.
638 484 741 530 nihil
760 484 920 531 horum
949 483 1071 530 dono
1092 485 1242 531 datur:
1262 484 1432 531 collati-

144 555 214 602 tiis
227 587 241 609 ‚
268 570 312 603 et
327 556 380 602 ad
398 555 606 602 dominos
624 557 827 603 redituris
845 556 1138 603 instrumentis
1155 557 1281 602 scena
1300 559 1431 603 ador-

145 642 284 676 natur.
310 630 410 677 Alia
434 646 490 677 ex
517 618 583 676 iiis
604 631 751 692 primo
781 630 880 688 die,
909 631 989 676 alia
1010 631 1201 678 secundo
1235 631 1433 680 referen-

145 717 217 750 tur
234 721 246 750 :
265 720 402 767 pauca
421 704 556 769 usque
574 707 629 753 ad
654 705 787 753 finem
808 705 1160 768 perseverabunt.
1182 707 1241 751 Ita
1261 722 1352 752 non
1372 705 1434 753 est

146 778 271 840 quod
290 794 371 825 nos
389 778 691 842 suspiciamus,
720 792 930 843 tanquam
959 779 1072 825 inter
1102 778 1245 824 nostra
1272 779 1431 842 positi:

147 861 303 895 mutuo
320 852 580 913 accepimus.
612 851 892 900 Ususfructus
912 850 1057 896 noster
1074 850 1158 905 est,
1177 850 1298 898 cuius
1316 863 1433 898 tem-

147 921 316 984 pusille
337 923 499 970 arbiter
518 925 707 971 muneris
732 924 794 970 sui
817 935 1031 985 temperat
1054 941 1065 969 ς
1090 940 1170 969 nos
1189 936 1367 985 oportet
1385 923 1433 970 in

147 1006 326 1056 promtu
350 995 535 1051 habere,
568 1013 677 1060 quae
709 997 752 1041 in
784 995 998 1040 incertum
1029 995 1146 1041 diem
1176 997 1274 1043 data
1304 996 1400 1042 sunt
1419 1033 1435 1054 ,

149 1083 194 1113 et
212 1067 452 1130 appellatos
468 1106 479 1127 ‚
502 1069 586 1115 fine
608 1068 783 1131 querela
808 1066 1004 1113 reddere.
1031 1068 1203 1113 Pessimi
1222 1067 1283 1114 est
1309 1068 1435 1114 debi-

150 1143 259 1189 toris
275 1175 288 1199 ‚
309 1144 518 1192 creditori
549 1144 691 1190 facere
719 1142 993 1190 convicium.
1015 1143 1185 1188 Omnes
1208 1158 1315 1205 ergo
1346 1158 1435 1188 no-

151 1215 260 1263 firos
276 1253 290 1276 ‚
320 1232 362 1264 et
379 1235 492 1282 quos
520 1217 764 1281 superstites
783 1217 876 1280 lege
899 1216 1101 1262 nascendi
1128 1228 1361 1279 optamus,
1394 1228 1438 1262 et

147 1304 264 1350 quos
282 1291 541 1352 praecedere
568 1291 839 1337 iustissimum
861 1289 1056 1350 ipsorum
1079 1302 1237 1335 votum
1262 1289 1348 1348 est,
1382 1288 1439 1336 fic

152 1376 297 1408 amare
324 1361 533 1409 debemus
552 1398 565 1420 ‚
600 1375 804 1425 tanquam
833 1361 1105 1408 nihil'nobis
1132 1362 1185 1408 de
1217 1361 1441 1424 perpetui-

151 1445 261 1489 tate,
289 1433 431 1481 immo
455 1435 563 1482 nihil
595 1436 648 1481 de
683 1434 962 1480 diuturnitate
987 1450 1146 1480 eorum
1181 1433 1439 1496 promissum

151 1504 214 1553 fit.
235 1508 370 1570 Saepe
397 1507 703 1554 admonendus
730 1506 790 1554 est
816 1506 1010 1562 animus,
1033 1519 1148 1553 amet
1167 1519 1215 1553 ut
1245 1506 1439 1554 recefl‘u-

151 1595 198 1625 ra
219 1614 234 1636 ‚
262 1579 403 1625 immo
437 1592 642 1642 tanquam
675 1578 934 1625 recedentia.
960 1578 1174 1641 quidquid
1207 1583 1243 1624 a'
1261 1578 1439 1625 fortuna

152 1652 304 1698 datum
328 1652 422 1708 est,
463 1667 669 1716 tanquam
704 1652 929 1715 extemplo
958 1652 1175 1699 abiturum
1208 1653 1436 1715 poffideat.

153 1726 310 1789 Rapite
342 1743 397 1775 ex
422 1726 567 1772 liberis
585 1726 836 1788 voluptates
854 1760 868 1783 ,
896 1724 1110 1772 fruendos
1138 1743 1220 1772 vos
1241 1726 1437 1773 invicem

154 1801 303 1849 liberis
321 1801 445 1857 date,
469 1812 511 1847 et
529 1798 616 1846 fine
638 1800 847 1847 dilatione
873 1817 1010 1847 omne
1030 1800 1233 1863 gandium
1257 1801 1439 1847 haurite.

153 1874 261 1921 nihil
280 1875 334 1922 de
350 1873 563 1921 hodierna
583 1873 655 1919 die
679 1873 967 1936 promittitur.
997 1873 1125 1918 nimis
1145 1871 1344 1934 magnam
1365 1873 1441 1918 ad-

154 1949 439 1997 vocationem
472 1949 606 1997 dedi:
643 1949 752 1995 nihil
778 1949 833 1994 de
864 1948 943 1994 hac
974 1947 1097 1993 hora.
1133 1946 1439 1995 Festinandum

156 2023 228 2072 est.
249 2023 375 2071 instat
393 2040 416 2068 a
449 2035 574 2086 tergo
604 2037 752 2069 mors:
773 2021 859 2067 iam
887 2020 1125 2065 disiicietur
1145 2018 1220 2065 iste
1249 2020 1440 2066 comita·

156 2110 225 2145 tus
247 2097 358 2144 :iam
377 2094 665 2143 contubernia
688 2094 763 2143 ista
784 2093 953 2140 sublato
984 2093 1178 2139 clamore
1202 2092 1441 2140 solventur.

157 2170 324 2232 Rapina
358 2185 503 2215 rerum
534 2167 735 2214 omnium
769 2167 860 2225 est,
893 2165 1105 2230 (miseri,
1132 2164 1371 2228 nescitis?)
1397 2179 1442 2214 et

155 2241 258 2304 fuga
271 2276 286 2299 ,
305 2241 472 2288 vivere.
493 2240 538 2287 Si
554 2252 780 2286 mortuum
800 2239 882 2286 tibi
900 2238 1038 2285 filium
1056 2238 1201 2294 doles,
1219 2236 1309 2283 eius
1327 2249 1443 2283 tem-

158 2315 279 2378 poris
297 2331 388 2378 quo
415 2327 538 2362 natus
564 2315 654 2369 est,
681 2314 849 2361 crimen
865 2313 941 2361 est.
967 2329 1087 2360 mors
1103 2311 1221 2358 enim
1251 2311 1311 2357 illi
1342 2311 1440 2358 nas-
1505 2353 1509 2356 .

158 2391 275 2439 centi
303 2390 586 2437 determinata
605 2390 678 2436 est.
707 2393 756 2435 ln
781 2389 894 2435 hanc
914 2390 1055 2450 legem
1085 2387 1235 2441 datus;
1258 2386 1344 2436 hoc
1372 2384 1442 2431 fa-

157 2477 253 2512 tum
282 2464 336 2514 ab
357 2476 485 2512 utero
509 2461 648 2512 statim
672 2462 1028 2528 prosequebatur.
1054 2463 1104 2508 ln
1131 2474 1314 2524 regnum
1342 2458 1440 2507 for-
