1741 2919
369 128 455 175 DE
489 124 1034 186 TRANQUILLITATE
1068 125 1253 173 ANIMI.
1356 141 1447 190 257

167 245 222 286 'ro
242 236 444 284 subduxit
457 271 471 295 ,
487 235 707 283 utiliorem
727 233 1050 297 componendis
1069 234 1369 282 monumentis
1387 235 1452 282 hi-

165 310 398 358 storiarum
431 324 560 357 ratus.
585 308 704 354 Male
731 307 845 353 enim
866 307 1131 370 respondent
1159 310 1306 356 masia
1332 309 1452 374 inge·
1463 326 1499 378 χ,

165 389 251 435 nia.
281 388 520 435 relustante
543 400 694 433 natura
716 383 858 431 irritus
876 384 1001 431 labor
1021 385 1094 432 est.

218 462 315 509 VII.
331 462 451 510 Nihil
470 475 616 508 tamen
635 476 770 522 aeque
787 459 1073 507 obleCiaverit
1086 459 1297 516 animum,
1316 477 1509 526 quam

167 534 358 582 amicitia
385 532 523 579 fidelis
549 543 593 577 et
618 530 768 577 dulcis.
809 532 1037 590 Quantum
1071 532 1239 578 bonum
1260 532 1319 578 est
1337 568 1350 589 ‚
1371 530 1451 580 ubi

167 607 265 654 sunt
294 618 545 670 praeparata
572 603 752 668 pe&0ra
768 639 782 661 ,
801 602 846 649 in
867 620 977 663 quae
996 615 1094 650 tuto
1115 603 1326 652 secretum
1349 622 1451 652 om-

167 698 224 728 ne
268 679 530 737 descendat,
564 694 754 742 quorum
791 675 1103 724 conscientiam
1138 677 1282 725 minus
1317 694 1451 742 quam

167 764 288 799 tuam
316 752 496 810 timeas,
515 766 719 814 quorum
751 748 895 795 sermo
925 747 1249 797 solicitudinem
1280 751 1415 798 leniat
1434 783 1452 810 ‚

167 823 377 872 sententia
397 824 622 871 confilium
650 821 856 884 expediat
875 856 888 877 ,
913 820 1104 868 hilaritas
1125 823 1341 871 tristitiam
1363 825 1449 872 dis-

166 897 308 960 fipet,
340 897 595 959 conspectus
627 893 718 958 ipse
754 894 971 942 delectet?
1010 897 1140 956 Quos
1171 897 1331 946 scilicet
1370 917 1451 947 va-

168 986 278 1017 cuos
293 1005 306 1026 ‚
325 981 536 1031 quantum
559 967 653 1013 fieri
684 968 874 1029 poterit,
897 984 921 1013 a
947 968 1284 1031 cupiditatibus,
1305 974 1455 1038 ,elige-

169 1058 280 1090 mus,
313 1043 499 1103 Serpunt
519 1040 636 1087 enim
657 1039 786 1098 vitia,
807 1054 850 1088 et
871 1042 914 1087 in
944 1043 1199 1104 proximum
1228 1063 1454 1111 quemque

167 1113 433 1172 transiliunt,
455 1128 499 1161 et
530 1113 734 1160 contactu
761 1125 936 1161 nocent.
971 1118 1139 1178 ltaque,
1171 1133 1218 1165 ut
1247 1120 1291 1166 in
1320 1121 1453 1183 pesti-

169 1186 303 1234 lentia
336 1186 579 1234 curandum
615 1184 700 1241 est,
722 1191 787 1232 “ne
821 1187 1046 1249 corruptis
1073 1189 1160 1234 iam
1191 1194 1456 1254 corporibus

169 1273 214 1308 et
237 1260 399 1307 morbo
425 1258 708 1322 flagrantibus
727 1259 980 1308 assideamus
994 1296 1007 1317 ‚
1029 1263 1131 1326 quia
1151 1265 1342 1326 pericula
1361 1279 1455 1314 tra-

168 1334 352 1392 hemus,
381 1332 614 1396 afflatuque
639 1331 734 1396 ipso
767 1333 1093 1382 laborabimus:
1126 1335 1182 1382 ita
1208 1336 1253 1383 in
1284 1339 1456 1386 amico-

172 1423 270 1453 rum
295 1406 490 1470 legendis
508 1405 691 1469 ingeniis
709 1406 910 1454 dabimus
927 1423 1132 1470 operam,
1151 1426 1198 1457 ut
1217 1428 1347 1474 quam
1367 1414 1453 1461 mi-

168 1478 289 1525 nime
309 1478 560 1541 inquinatos
590 1476 866 1526 assumamus.
912 1480 1085 1527 Initium
1107 1483 1253 1529 morbi
1279 1484 1362 1541 est,
1382 1503 1456 1534 ae-

171 1549 258 1614 gris
280 1549 376 1596 sana
391 1549 585 1596 miscere.
623 1552 720 1596 Nec
740 1550 826 1597 hoc
852 1554 1145 1617 praeceperim
1169 1556 1278 1615 tibi,
1299 1570 1349 1605 ut
1380 1577 1458 1606 ne-

172 1623 338 1671 minem
359 1623 434 1669 nifi
452 1623 684 1685 sapientem
705 1623 918 1687 sequaris,
937 1639 1010 1673 aut
1029 1629 1226 1677 attrahas.
1244 1632 1319 1678 ubi
1337 1634 1457 1680 enim

173 1695 300 1743 istum
334 1695 556 1754 invenie8‚
596 1713 725 1760 quem
759 1710 826 1744 tot
858 1699 1008 1746 seculis
1039 1704 1327 1764 quaerimus?
1371 1724 1459 1769 pro

173 1769 350 1833 optimo
384 1767 446 1816 est
477 1769 658 1815 minime
691 1770 854 1817 maluss
895 1773 983 1819 Vix
1021 1773 1102 1822 tibi
1146 1777 1250 1824 esset
1280 1778 1459 1828 facultas

173 1842 364 1889 delebitis
393 1840 629 1897 felicioris,
655 1841 684 1886 fi
710 1842 826 1889 inter
863 1844 1061 1893 Platonas
1090 1860 1133 1894 et
1168 1850 1458 1914 Xenophon-

173 1927 260 1972 tas,
280 1927 322 1962 et
342 1915 464 1962 illum
480 1915 694 1963 Socratici
711 1916 854 1964 foetus
875 1935 1143 1981 proventum
1161 1924 1306 1971 bonos
1325 1944 1459 1989 quae-

174 2006 291 2038 reres
310 2008 321 2037 ε
341 2001 415 2036 aut
442 1990 473 2036 fi
496 1989 574 2036 tibi
605 1990 793 2051 potestas
825 1993 1096 2042 Catonianae
1126 1995 1252 2045 fieret
1286 2002 1460 2059 aetatis,

173 2080 285 2128 quae
303 2064 539 2127 plerosque
565 2062 721 2127 dignos
747 2064 868 2122 tulit,
888 2064 962 2130 qui
980 2069 1166 2117 Catonis
1191 2072 1338 2118 seculo
1360 2074 1455 2120 nas·

176 2153 404 2197 ceremur,
424 2138 532 2185 sicut
552 2140 712 2186 multos
732 2141 907 2202 peiores
921 2178 936 2201 ,
955 2160 1086 2207 quam
1105 2163 1301 2210 unquam
1329 2149 1430 2197 alias
1445 2185 1460 2208 ,

176 2213 564 2278 maximorumque
591 2215 820 2264 molitores
851 2217 1075 2266 scelerum,
1106 2223 1306 2285 Utraque
1339 2225 1459 2273 enim

175 2285 305 2333 turba
329 2302 442 2348 opus
466 2300 582 2345 erat,
609 2299 657 2333 ut
680 2287 796 2335 Cato
821 2289 965 2352 posset
984 2291 1180 2356 intelligi.
1203 2295 1361 2343 habere
1386 2295 1460 2345 de-

175 2361 275 2409 buit
296 2373 338 2407 et
363 2361 536 2417 bonos,
564 2361 721 2426 quibus
750 2363 791 2410 se
814 2365 1080 2427 approbaret
1102 2383 1114 2412 :
1148 2380 1192 2414 et
1221 2369 1386 2429 malos,
1413 2372 1458 2420 in

176 2433 339 2499 quibus
372 2435 463 2481 vim
497 2435 612 2481 suam
635 2436 923 2498 experiretur.
964 2440 1097 2488 Nunc
1130 2457 1243 2490 vero
1267 2442 1313 2491 in
1337 2456 1453 2495 tanta

242 2500 292 2546 L.
311 2504 436 2548 Arm.
455 2504 620 2548 Seneca.
645 2504 690 2547 V
687 2505 739 2549 ol,
757 2502 796 2550 I.
1162 2507 1201 2551 R
