1741 2919
347 162 434 221 DE
460 163 1010 233 TRANQUILUTATE
1045 162 1238 221 ANth.
1345 180 1439 238 ης·

155 289 293 346 quens
327 280 454 340 usus,
481 297 615 328 omne
647 280 802 327 animis
833 282 1032 343 pondus,
1059 294 1329 343 omnemque
1347 281 1441 328 vim

156 353 325 416 eripiet.
373 355 486 400 Nam
520 369 562 401 et
594 352 773 400 somnus
803 353 1028 401 refed'tioni
1061 354 1320 401 necessarius
1352 354 1442 400 estz'

159 427 277 475 hunc
302 441 448 474 tamen
465 427 494 473 fi
515 444 593 491 per
611 427 728 474 diem
756 427 1022 474 no&enio³ie
1042 427 1300 482 continues,
1324 444 1445 475 mors

159 501 254 547 erit.
300 501 489 548 Multum
525 501 728 557 interest,
746 503 955 548 *remittas
985 500 1176 563 aliquid,
1206 519 1261 547 an
1291 502 1447 551 solvas.

164 576 327 638 Legum
361 574 616 621 conditores
650 573 782 620 festos
819 573 1097 621 instituerunt
1141 574 1231 621 dies
1254 611 1267 634 ‚
1307 591 1352 622 ut
1391 576 1447 622 ad

162 648 425 696 hilaritatem
459 647 665 694 homines
697 647 873 711 publice
906 661 1205 711 cogerentur:
1235 661 1449 712 tanquam

162 722 444 771 necessarium
488 721 711 768 laboribus
752 721 1078 781 interponentes
1122 735 1448 781 temperamen-

160 806 268 859 tum.
300 797 353 841 Et
379 793 553 858 magni,
580 804 629 839 ut
650 791 771 850 dixi,
799 792 881 840 viri
903 793 1079 855 quidam
1108 793 1183 839 fibi
1208 794 1449 841 menstruas

161 869 290 916 certis
307 868 461 915 diebus
480 866 607 913 ferias
627 866 785 912 dabant
805 883 816 912 :
838 866 1017 926 quidam
1039 867 1207 912 nullum
1224 884 1313 913 non
1330 867 1450 913 diem

162 942 276 990 inter
304 954 346 988 et
372 941 512 988 otium
549 952 592 987 et
619 954 743 987 curas
773 939 1044 988 dividebant.
1071 940 1244 1005 qualem
1281 942 1450 989 Pollio<²

161 1032 264 1062 nem
315 1014 509 1061 Asinium
531 1049 545 1072 ,
584 1024 809 1060 oratorem
848 1029 1053 1077 magnum
1076 1049 1089 1071 ‚
1125 1013 1408 1062 meminimus
1438 1032 1452 1062 e

163 1104 299 1152 quem
331 1087 447 1133 nulla
474 1098 544 1133 res
575 1086 691 1132 ultra
721 1085 936 1132 decimam
968 1085 1162 1133 retinuit.
1197 1102 1251 1133 ne
1282 1087 1451 1150 episto·-

161 1151 223 1208 las
247 1160 423 1225 quidem
447 1159 546 1223 post
575 1176 670 1206 eam
699 1159 855 1205 horam
876 1159 1074 1222 legebat,
1095 1176 1148 1206 ne
1172 1159 1278 1221 quid
1301 1178 1451 1209 novae

163 1248 294 1278 curae
320 1232 564 1279 nasceretur
589 1249 599 1277 ε
626 1230 699 1277 sed
735 1231 879 1277 totius
905 1231 993 1279 diei
1021 1232 1308 1278 lassitudinem
1341 1234 1454 1280 dua«

164 1306 245 1354 bus
276 1306 358 1354 illis
389 1306 512 1353 horis
542 1305 747 1369 ponebat.
800 1305 995 1367 Quidam
1026 1307 1176 1352 medio
1209 1307 1279 1354 die
1314 1307 1455 1354 inter-

164 1378 420 1435 iunxerunt,
449 1393 492 1426 et
510 1379 555 1425 in
580 1377 943 1441 postmeridianas
963 1379 1094 1427 horas
1113 1378 1278 1441 aliquid
1300 1379 1455 1428 levio-

162 1452 222 1499 ris
250 1469 412 1515 operae
444 1451 715 1499 distulerum.
762 1451 957 1498 Maiores
985 1469 1165 1515 quoque
1191 1452 1328 1498 nostri
1364 1469 1452 1499 ηοω

163 1542 266 1571 vam
298 1525 553 1572 relationem
573 1561 586 1579 ‚
621 1523 720 1586 post
747 1524 904 1571 horam
943 1525 1190 1584 decimam,
1219 1525 1264 1571 in
1300 1524 1453 1574 senatu

163 1595 260 1643 fieri
277 1597 497 1644 vetabant.
524 1591 652 1644 Miles
672 1596 839 1660 vigilias
857 1596 1017 1644 dividit
1031 1633 1044 1654 ‚
1063 1609 1107 1643 et
1127 1613 1218 1644 nox
1245 1597 1454 1648 immunis

165 1668 226 1717 est
250 1669 303 1718 ab
321 1669 603 1732 expeditione
625 1669 917 1717 redeuntium.
941 1670 1259 1734 Indulgendum
1280 1672 1340 1719 est
1358 1674 1454 1720 ani-

165 1753 274 1791 moe
303 1744 584 1806 dandumque
616 1743 795 1791 subinde
819 1743 991 1801 otium,
1025 1744 1146 1807 quod
1175 1745 1370 1794 alimenti
1400 1764 1454 1796 ac

167 1818 331 1867 viri·1m
363 1812 470 1865 loco
505 1817 554 1865 fit
582 1835 593 1865 :
620 1829 660 1865 et
697 1817 741 1865 in
773 1818 1144 1866 ambulationibus
1172 1820 1333 1884 apertis
1371 1838 1456 1868 va-

166 1892 383 1956 gandum5
409 1903 458 1940 ut
478 1893 608 1940 coelo
637 1892 777 1939 libero
806 1904 849 1940 et
868 1892 1010 1939 multo
1041 1893 1190 1955 spiritu
1216 1908 1371 1958 augeat
1387 1907 1456 1943 at-

166 1966 379 2030 tollatque
403 1967 445 2014 se
470 1967 654 2014 animus.-
692 1967 942 2032 Aliquando
970 1969 1160 2016 veEiatio
1190 1969 1382 2034 iterque,
1412 1976 1459 2019 et'

169 2051 332 2087 mutata
363 2041 516 2104 regim·
540 2041 748 2104 vigorem
776 2035 967 2102 dabunt,
990 2044 1310 2109 conviflusque
1336 2056 1380 2092 et
1400 2046 1458 2093 li«

168 2111 359 2162 beralior
395 2115 560 2177 potio:
587 2132 908 2178 nonnunquam
935 2130 978 2162 et
1007 2131 1149 2179 usque
1179 2117 1233 2162 ad
1264 2117 1458 2165 ebt-ieta&

168 2196 256 2232 tem
283 2188 555 2235 veniendum
573 2225 587 2248 ‚
618 2206 709 2236 non
740 2201 787 2236 ut
812 2200 980 2252 mergat
1005 2204 1116 2244 nos‚·
1139 2187 1211 2236 sed
1236 2199 1284 2235 ut
1313 2184 1458 2253 depri⁶

171 2271 274 2306 mat.
306 2261 422 2307 Eluit
445 2262 562 2308 enim
585 2269 736 2318 curas,
769 2274 810 2309 et
830 2262 883 2308 ab
908 2262 1002 2307 imo
1034 2262 1228 2308 animum
1262 2279 1420 2311 movet
1443 2271 1458 2312 έ

169 2340 215 2394 et
238 2344 287 2378 ut
306 2332 474 2379 morbis
493 2333 751 2396 quibusdam
768 2369 782 2392 ‚
811 2333 873 2380 ita
901 2332 1095 2379 tristitiae
1127 2332 1328 2380 medetur
1351 2352 1362 2381 ε
1383 2335 1458 2382 Li„

171 2403 338 2468 berque
368 2422 460 2451 non
491 2408 552 2453 ob
577 2406 800 2453 licentiam
834 2407 1006 2469 linguae
1036 2407 1175 2454 diuus
1207 2406 1268 2455 est
1293 2407 1458 2457 iuven-⁴

170 2487 245 2523 tor
266 2476 386 2538 vini,
406 2477 477 2526 fed
498 2479 600 2543 quia
622 2480 778 2528 liberat
803 2479 984 2531 servitio
1003 2497 1207 2530 curarum
1229 2481 1421 2529 animum
1440 2516 1457 2542 9

1103 2547 1132 2591 S
1170 2563 1195 2591 2
