1741 2919
295 176 390 226 244
559 166 609 211 L.
654 163 954 211 ANNAEI
995 161 1332 211 SENECAE

291 271 497 337 parabilis
530 271 786 335 facilisque,
823 270 933 318 nihil
965 266 1347 318 habens'accersiti
1380 269 1584 334 pretioli⁶¹

291 364 376 402 ve,
397 346 583 393 ubilibet
602 362 693 392 non
724 345 981 399 defuturus,
1008 362 1090 392 nec
1117 345 1386 408 patrimonio
1410 346 1580 410 gravis,

290 438 373 468 nec
401 419 612 482 corpori,
653 435 735 465 nec
777 419 998 466 rediturus
1035 436 1120 482 qua
1153 418 1402 466 intraverat.
1440 419 1582 466 Placet

291 493 489 541 minister
521 492 708 539 incultus
737 505 780 538 et
808 491 928 538 rudis
956 491 1169 537 vernula:
1201 507 1426 555 argentum
1449 507 1584 554 grave

290 565 439 613 rustici
463 565 619 628 patris,
640 563 728 610 fine
745 563 837 609 ullo
863 579 1003 626 opere
1030 576 1073 609 et
1098 563 1280 609 nomine
1308 562 1488 610 artificis
1508 579 1522 619 ;
1542 576 1586 610 et

292 639 441 687 mensa
471 654 565 684 non
586 637 798 684 varietate
819 636 1090 682 macularum
1119 635 1354 697 conspicua
1369 672 1382 694 ,
1404 652 1485 682 nec
1504 653 1584 699 per

292 710 450 758 multas
476 708 741 773 elegantium
772 706 1062 753 dominorum
1099 707 1385 769 succeffiones
1416 707 1584 755 civitati

292 797 398 832 nota
417 801 427 830 t
450 784 522 830 sed
540 784 586 828 in
605 782 727 828 usum
749 781 886 845 posita
901 817 914 839 ,
934 797 1046 843 quae
1066 780 1222 828 nullius
1240 783 1461 829 convivae
1481 800 1586 830 ocuu

288 855 361 907 los
391 874 472 905 nec
502 857 737 920 voluptate
772 868 1007 914 moretur,
1041 873 1123 903 nec
1162 858 1371 904 accendat
1406 859 1589 906 invidia.

296 933 415 979 Cum
443 931 559 977 bene
583 930 659 976 ista
687 928 968 992 placuerunt,
990 928 1268 992 praestringit
1295 930 1489 977 animum
1508 949 1589 994 ap-

295 1019 471 1071 paratus
514 1003 695 1051 alicuius
743 1003 1039 1067 paedagogii,
1075 1003 1327 1067 diligentius
1376 1021 1506 1068 quam
1545 1005 1591 1052 in

295 1079 452 1128 tralatu
473 1076 653 1134 vestita,
672 1088 715 1123 et
733 1092 842 1122 auro
862 1075 979 1122 culta
1001 1074 1219 1138 mancipia
1236 1112 1248 1133 ,
1269 1090 1312 1122 et
1329 1092 1482 1139 agmen
1504 1077 1590 1123 ser-

293 1171 458 1203 vorum
490 1152 736 1200 nitentium.
777 1153 866 1196 lam
904 1150 1066 1197 domus
1098 1149 1226 1196 etiarn
1255 1168 1339 1212 qua
1366 1151 1591 1211 calcatur,

297 1225 512 1292 pretiosa,
529 1239 573 1272 et
591 1223 756 1271 divitiis
773 1239 852 1286 per
871 1238 1028 1270 ornnes
1047 1223 1229 1287 angulos
1249 1222 1455 1286 diflipatis
1468 1261 1478 1280 ‚
1499 1237 1591 1272 tec-

299 1318 344 1349 ta
375 1299 464 1363 ipsa
492 1296 703 1362 fulgentia
725 1329 739 1352 ‚
769 1308 813 1343 et
847 1295 1076 1343 affectator
1104 1313 1341 1360 comesque
1375 1299 1592 1360 patrimo-

301 1375 479 1422 niorum
511 1372 788 1436 pereuntium
823 1371 1027 1435 populus.
1082 1372 1205 1431 Quid
1235 1372 1504 1434 perlucentes
1537 1372 1594 1418 ad

299 1450 438 1497 imum
465 1463 624 1510 aquas,
650 1459 693 1493 et
712 1444 1066 1493 circumfluentes
1092 1445 1178 1508 ipsa
1205 1446 1417 1493 convivia
1438 1483 1451 1503 ,
1483 1446 1591 1511 quid

300 1523 453 1585 epulas
482 1522 666 1582 loquar,
700 1518 826 1565 scena
854 1518 926 1564 sua
956 1517 1144 1581 dignas?
1189 1518 1489 1566 Circumfudit
1520 1537 1593 1567 me

302 1612 358 1642 ex
382 1593 521 1656 longo
547 1589 804 1655 frugalitatis
829 1590 907 1635 situ
929 1590 1200 1646 venientem,
1224 1589 1365 1636 multo
1387 1590 1593 1653 splendo-

303 1685 351 1715 re
379 1667 578 1724 luxuria,
610 1677 653 1711 et
693 1665 889 1727 undique
912 1661 1240 1710 circumsonuit.
1268 1663 1451 1709 Paulum
1484 1663 1596 1710 titu-

304 1743 379 1790 bat
417 1740 531 1788 acies
562 1758 573 1786 :
609 1738 780 1786 facilius
815 1738 1024 1786 adversus
1054 1738 1170 1784 illam
1203 1737 1424 1795 animum,
1460 1752 1595 1800 quam

306 1814 465 1862 oculos
496 1811 667 1860 attollo.
704 1811 883 1859 Recedo
916 1810 1062 1874 itaque
1097 1826 1187 1856 non
1218 1809 1375 1872 peior,
1411 1810 1483 1857 sed
1511 1809 1595 1856 tri-

308 1887 416 1934 stior
440 1904 451 1933 :
478 1902 558 1933 nec
586 1886 700 1932 inter
730 1883 800 1931 illa
827 1883 991 1930 frivola
1025 1899 1120 1930 mea
1146 1895 1235 1928 tam
1264 1882 1371 1929 altus
1402 1882 1596 1939 incedo,

308 1959 553 2022 tacitusque
570 1955 742 2003 morsus
768 1955 907 2013 subit,
934 1967 978 2001 et
1007 1954 1254 2012 dubitatio,
1287 1953 1504 2017 numquid
1523 1953 1597 1999 illa

309 2033 495 2081 meliora
513 2031 607 2078 fint.
633 2030 741 2077 nihil
758 2029 917 2076 horum
939 2045 1010 2075 me
1031 2039 1194 2086 mutat,
1213 2027 1319 2074 nihil
1338 2042 1482 2074 tamen
1504 2043 1597 2072 non

307 2107 525 2156 concutit.
555 2106 698 2152 Placet
716 2104 810 2152 vim
835 2118 1173 2166 praeceptorum
1194 2102 1338 2165 sequi,
1366 2113 1408 2146 et
1429 2100 1472 2146 in
1499 2117 1599 2148 me-

310 2183 429 2229 diam
456 2181 519 2228 ire
540 2179 876 2242 Rempublicam
907 2195 918 2224 :
942 2178 1084 2240 placet
1118 2177 1311 2222 honores
1340 2175 1566 2238 fascesque
1583 2210 1599 2233 ,

310 2271 405 2301 non
436 2269 628 2317 purpura
663 2267 736 2299 aut
767 2250 900 2314 virgis
924 2250 1158 2297 adductum
1186 2247 1422 2311 capessere,
1449 2247 1522 2294 sed
1551 2261 1600 2294 ut

310 2328 461 2373 amicis
479 2326 830 2390 propinquisque
845 2360 859 2379 ,
878 2336 922 2370 et
941 2322 1149 2368 omnibus
1165 2320 1338 2368 civibus
1357 2356 1372 2378 ,
1390 2319 1598 2366 omnibus

310 2399 472 2445 deinde
496 2398 755 2445 mortalibus
783 2396 980 2459 paratior
1005 2393 1248 2455 utiliorque
1277 2391 1353 2438 {im
1371 2427 1384 2446 ,
1412 2390 1600 2454 propius

311 2472 594 2536 compositus.
636 2472 809 2534 Sequor
833 2471 1090 2528 Zenonem,
1129 2466 1416 2524 Cleanthem,
1445 2465 1600 2528 chry„
