1741 2919
281 152 378 200 DE
420 152 990 200 PROVIDENTIA
1038 153 1270 198 LIBER.
1345 167 1432 197 221

153 269 221 316 dia
250 270 386 333 ruptis
413 269 632 316 montium
660 267 898 317 verticibus
927 267 1090 324 effusa,
1124 281 1340 317 tremores
1372 269 1437 316 la-

153 346 293 394 bantis
318 347 422 404 soli,
449 358 491 393 et
516 345 594 392 alia
616 361 728 408 quae
753 344 1021 391 tumultuosa
1048 361 1146 407 pars
1173 361 1321 392 rerum
1353 345 1436 392 cir·

152 436 200 465 ca
227 435 362 466 terras
392 430 573 474 movet,
605 418 692 474 sine
721 416 918 473 ratione,
947 416 1152 479 quamvis
1177 416 1313 464 subita
1335 414 1436 474 sint,

152 492 357 539 accidunt
383 510 392 537 :
422 491 492 538 sed
511 492 604 538 suas
633 502 676 538 et
700 488 769 535 illa
800 489 945 536 causas
974 489 1135 535 habent
1156 505 1246 534 non
1270 489 1435 545 minus,

155 581 287 628 quam
312 581 423 628 quae
451 564 601 611 alienis
625 563 734 610 locis
758 561 989 625 conspefta
1016 562 1226 609 miracula
1248 562 1373 620 sunt,
1391 576 1439 610 ut

151 637 199 684 in
233 638 387 684 mediis
417 636 621 684 fluffibus
652 636 842 684 calentes
871 651 1040 698 aquae,
1063 646 1106 681 et
1130 651 1249 681 nova
1277 634 1436 681 insula-

151 728 248 756 rum
270 712 313 756 in
344 711 469 757 vasto
502 709 795 757 exsilientium
824 709 935 755 mari
956 707 1104 770 spatia.
1141 710 1232 754 Iam
1264 724 1376 754 vero
1408 706 1438 754 fi

154 783 251 848 quis
272 782 578 831 observaverit
599 783 752 829 nudari
773 783 901 829 litora
924 781 1080 845 pelago
1099 781 1145 827 in
1164 780 1205 827 se
1224 782 1439 828 receden-

152 871 222 915 te,
242 858 483 922 eademque
504 858 615 904 intra
636 858 844 920 exiguum
871 868 1048 919 tempus
1065 856 1258 920 operiri,
1289 858 1440 905 credet

151 947 279 977 caeca
303 932 489 993 quadam
520 930 797 978 volutatione
821 930 962 976 modo
983 929 1184 976 contrahi
1211 931 1370 987 undas,
1392 944 1436 979 et

151 1001 387 1049 introrsum
422 1002 492 1066 agi
517 1037 532 1061 ‚
566 1002 708 1049 modo
742 1018 1000 1064 erumpere,
1033 1013 1077 1049 et
1112 1018 1275 1065 magno
1311 1004 1440 1051 cursu

150 1089 347 1139 repetere
383 1077 529 1124 sedem
566 1077 685 1124 suam
718 1093 730 1122 t
762 1093 864 1122 cum
890 1076 987 1122 illae
1016 1075 1191 1123 interim
1222 1077 1442 1138 portioni-

149 1148 230 1196 bus
260 1149 488 1207 crescunt‚
516 1161 558 1196 et
597 1150 652 1195 ad
683 1148 840 1195 horam
877 1165 928 1195 ac
953 1147 1070 1196 diem
1101 1148 1311 1206 subeunt,
1345 1165 1440 1195 am·-

148 1222 313 1283 pliores
350 1222 631 1286 minoresque
656 1257 669 1280 ,
706 1236 841 1285 prout
884 1221 976 1268 illas
1021 1220 1170 1267 lunare
1207 1219 1319 1267 fidus
1357 1222 1437 1268 eli—

148 1297 264 1355 cuit,
292 1297 344 1343 ad
382 1298 505 1344 cuius
529 1296 757 1344 arbitrium
783 1312 973 1343 oceanus
999 1295 1201 1342 exundat.
1238 1298 1330 1342 Suo
1361 1295 1438 1343 ista

150 1369 345 1432 tempori
371 1369 649 1416 reserventur
679 1386 690 1414 t
723 1385 779 1416 eo
817 1368 994 1432 quidem
1031 1368 1196 1431 magis,
1230 1369 1351 1432 quod
1389 1383 1438 1416 tu

148 1455 241 1487 non
262 1442 430 1489 dubitas
456 1443 510 1489 de
529 1442 807 1506 providentia
821 1479 834 1500 ,
862 1441 936 1488 sed
954 1442 1159 1505 quereris.
1187 1444 1233 1488 In
1253 1443 1437 1505 gratiam

147 1527 192 1559 te
228 1515 435 1563 reducam
471 1534 574 1563 cum
611 1516 693 1563 diis
715 1553 728 1574 ‚
757 1517 961 1563 adversus
996 1513 1192 1577 optimos
1244 1516 1439 1578 optimis.

148 1589 308 1651 Neque
345 1589 460 1635 enim
489 1607 635 1636 rerum
657 1603 806 1636 natura
839 1589 1001 1651 patitur
1019 1625 1032 1647 ,
1063 1601 1110 1635 ut
1133 1607 1325 1653 unquam
1357 1591 1439 1638 bo·

149 1676 204 1705 na
240 1660 369 1706 bonis
412 1676 613 1708 noceant.
660 1666 777 1709 Inter
819 1663 964 1709 bonos
1008 1663 1132 1709 viros
1183 1680 1232 1710 ac
1284 1665 1436 1710 Deum

149 1733 343 1780 amicitia
378 1734 473 1792 est,
512 1735 775 1782 conciliante
807 1736 986 1782 virtute.
1025 1737 1263 1783 mestitiam
1298 1738 1437 1783 dico?

150 1807 292 1853 immo
336 1809 464 1854 etiam
506 1810 773 1855 necessitudo
812 1824 855 1856 et
895 1809 1132 1856 fimilitado
1170 1827 1180 1855 :
1222 1811 1435 1873 quoniam

143 1880 324 1942 quidem
353 1882 497 1931 bonus
546 1881 633 1945 ipse
661 1898 863 1945 tempore
889 1896 1056 1929 tantum
1081 1900 1103 1929 a
1129 1883 1238 1930 Deo
1262 1883 1441 1943 differt,

150 1953 385 2017 discipulus,
417 1961 536 2011 cius,
571 1960 927 2020 aemulatorque,
959 1970 1003 2003 et
1032 1975 1138 2004 vera
1167 1959 1437 2021 progenies:

152 2044 284 2090 quem
311 2046 463 2091 parens
479 2031 549 2076 ille
569 2029 827 2094 magnificus
842 2067 854 2087 ‚
875 2031 1091 2077 virtutum
1115 2047 1207 2076 non
1232 2030 1340 2079 lenis
1359 2048 1434 2077 ex-

151 2101 295 2156 actor,
314 2102 419 2147 sicut
443 2102 578 2148 severi
598 2115 764 2164 patres,
787 2102 936 2149 durius
956 2104 1125 2150 educar.
1155 2106 1302 2164 ltaque
1332 2119 1432 2148 cum

152 2172 317 2220 videris
343 2175 488 2221 δίκη-ος
518 2178 639 2223 viros
666 2190 958 2239 acceptosque
987 2176 1068 2222 diis
1085 2211 1098 2231 ‚
1121 2176 1346 2229 laborare,
1365 2175 1438 2220 su-

152 2243 283 2302 dare,
310 2263 389 2308 per
416 2249 599 2293 arduum
630 2250 864 2295 ascendere
883 2281 896 2304 ‚
924 2249 1062 2295 malos
1090 2264 1233 2294 autem
1263 2248 1436 2295 lascivi·

152 2333 227 2374 re,
250 2332 292 2364 et
312 2321 612 2368 volwmzrijbus
641 2322 777 2369 fluere
798 2342 808 2368 z
833 2323 979 2386 cogita
1006 2322 1200 2368 filiorum
1228 2339 1310 2368 nos
1330 2339 1435 2368 mo-

154 2390 287 2437 destia
310 2393 400 2439 dele
411 2401 495 2439 ;·.,·,»·.;·
531 2431 542 2444 q
564 2397 840 2442 vernularum
866 2396 1042 2442 licentia
1062 2414 1072 2443 ε
1093 2397 1189 2442 illos
1209 2396 1434 2459 disciplina

153 2465 331 2514 tristiori
351 2484 404 2515 co
464 2488 540 2513 ιιι
555 2472 563 2513 ,ὲ
581 2504 593 2516 ,
612 2470 773 2517 horum
795 2469 850 2519 ali
869 2470 1107 2520 audaciam.
1139 2470 1260 2519 Idem
1279 2469 1359 2519 tibi
1380 2469 1449 2537 de·
