1741 2919
290 163 832 213 coNsoLATio
876 124 980 211 AD
1024 146 1294 212 POLYR.
1370 181 1452 226 171

230 274 476 321 XXXVII.
512 275 646 321 Nunc
680 274 825 337 itaque
860 287 904 320 te
942 273 1090 320 studiis
1121 273 1209 320 tuis
1243 274 1460 339 immerge

161 346 316 407 altius,
350 365 469 396 nunc
500 349 571 395 illa
605 348 686 396 tibi
719 347 846 395 velut
881 348 1156 394 munimenta
1198 348 1334 395 animi
1368 350 1459 395 cir-

162 421 324 470 cumda
340 457 354 480 ‚
387 438 469 469 nec
495 437 548 469 ex
566 421 649 468 ulla
668 420 734 468 tui
756 432 881 485 part-e
908 421 1107 470 inveniat
1125 421 1357 468 introitum
1378 422 1458 468 do-

161 491 245 540 lor.
281 493 438 541 Fratris
474 510 653 558 quoque
691 493 754 540 tui
793 494 968 557 produc
1003 493 1268 540 memoriam
1305 493 1457 557 aliquo

163 563 428 629 scriptorum
450 577 744 613 monumento
765 579 959 614 tuorum.
979 566 1069 613 hoc
1096 566 1214 612 enim
1240 582 1375 612 unum
1396 566 1458 613 est

161 640 292 687 rebus
329 641 530 689 humanis
563 657 710 704 opus,
746 641 817 688 cui
848 642 963 688 nulla
1001 639 1232 704 tempestas
1263 651 1422 686 noceat
1442 674 1457 697 ,

161 714 286 775 quod
305 713 418 759 nulla
439 714 666 764 consumat
685 713 896 761 vetustas:
920 724 1063 761 cetera
1077 749 1090 771 ,
1112 729 1227 776 quae
1248 729 1328 775 per
1345 714 1466 759 conss

161 785 448 835 structionem
472 788 668 851 lapidum
685 820 699 844 ,
720 800 764 836 et
784 804 1055 834 marmoreas
1082 787 1222 834 moles
1240 822 1255 844 ,
1272 801 1348 834 aut
1367 799 1459 834 ter-

162 876 295 907 renos
316 861 513 908 tumulos
539 861 584 907 in
604 877 810 926 magnam
834 860 1017 907 eductos
1042 859 1319 907 altitudinem
1346 875 1457 905 con-

161 931 295 992 stant,
315 950 407 981 non
428 935 739 998 propagabunt
758 934 934 998 longam
955 934 1071 981 diem
1091 952 1102 979 :
1123 933 1290 997 quippe
1309 945 1352 980 et
1368 933 1459 996 ipsa

162 1005 396 1055 intereunt.
417 1007 682 1056 Immortalis
706 1007 769 1055 est
798 1008 962 1072 ingenii
981 1006 1224 1055 memoria:
1247 1006 1361 1054 hanc
1380 1019 1460 1053 tuo

162 1079 285 1127 fratri
309 1080 463 1145 largire
478 1117 491 1140 ‚
517 1081 563 1128 in
590 1082 672 1128 hac
695 1098 797 1128 eum
832 1080 1018 1128 colloca.
1042 1079 1197 1126 melius
1220 1079 1339 1126 illum
1369 1079 1458 1126 du-

161 1165 314 1200 raturo
335 1153 508 1217 semper
534 1153 810 1203 consecrabis
834 1153 1015 1217 ingenio
1031 1189 1044 1212 ‚
1066 1169 1199 1217 quam
1224 1152 1351 1199 irrito
1371 1153 1458 1199 do-

161 1223 260 1273 lore
294 1226 480 1290 lugebis.
515 1228 656 1288 Quod
703 1228 757 1273 ad
796 1225 933 1289 ipsam
973 1225 1198 1273 fortunam
1237 1225 1429 1288 pertinet
1445 1260 1462 1284 ‚

162 1299 327 1347 etiamfi
348 1318 465 1348 nunc
490 1302 559 1367 agi
579 1303 695 1366 apud
720 1317 763 1350 te
783 1301 910 1349 causa
929 1301 1020 1349 eius
1041 1317 1132 1348 non
1154 1299 1297 1364 potest
1320 1317 1331 1347 :
1353 1316 1458 1347 om-

161 1373 232 1420 nia
253 1375 368 1422 enim
391 1376 463 1423 illa
482 1394 594 1441 quae
626 1376 756 1423 nobis
783 1376 903 1423 dedit
917 1412 931 1435 ,
951 1376 1011 1422 ob
1033 1375 1123 1422 hoc
1142 1375 1309 1439 ipsum,
1330 1374 1454 1439 quod

163 1447 330 1513 aliquid
349 1449 533 1513 eripuit,
562 1450 702 1498 invisa
724 1449 820 1496 sunt
839 1467 849 1495 :
869 1465 975 1496 tunc
993 1463 1139 1495 tamen
1160 1446 1240 1494 erit
1257 1447 1420 1510 agenda
1442 1481 1458 1505 ‚

163 1541 264 1572 cum
284 1525 480 1588 primum
503 1524 766 1587 aequiorem
789 1538 832 1572 te
852 1523 913 1570 illi
941 1523 1133 1570 iudicem
1161 1522 1253 1570 dies
1273 1521 1426 1569 fecerit
1445 1539 1458 1567 ε

161 1610 267 1645 tunc
297 1598 415 1645 enim
442 1598 609 1661 poteris
635 1597 679 1644 in
711 1598 897 1662 gratiam
923 1614 1024 1645 cum
1054 1596 1124 1642 illa
1149 1595 1308 1643 redire.
1342 1596 1458 1643 Nam

163 1672 301 1719 multa
328 1671 530 1734 providit
556 1707 570 1729 ,
599 1671 763 1734 quibus
793 1672 908 1718 hanc
943 1670 1195 1717 emendaret
1220 1669 1456 1716 iniuriam:

160 1746 299 1793 multa
322 1747 452 1794 etiam
474 1755 590 1795 nnnc
612 1749 735 1795 dabit
752 1749 917 1812 quibus
937 1748 1150 1794 redimat:
1173 1747 1364 1811 denique
1384 1747 1457 1808 ip-

161 1817 254 1865 sum
280 1821 405 1883 quod
425 1820 621 1880 abstulit,
651 1821 740 1885 ipsa
771 1822 951 1868 dederat
975 1820 1070 1867 tibi.
1091 1819 1197 1865 Noli
1219 1836 1327 1884 ergo
1346 1813 1469 1867 con-·

163 1903 230 1939 tra
261 1907 305 1941 te
330 1893 510 1956 ingenio
544 1896 606 1941 uti
637 1907 716 1942 tuo
734 1931 749 1953 ,
778 1895 872 1941 noli
897 1893 1038 1940 adeffe
1067 1893 1216 1939 dolori
1246 1906 1338 1940 tuo.
1371 1896 1458 1940 Po-

126 2023 131 2040 Δ
162 1967 245 2014 test
264 1968 441 2032 quidem
471 1969 728 2033 eloquentia
755 1982 854 2028 tua,
882 1985 991 2033 quae
1015 1985 1152 2030 parva
1180 1966 1276 2014 sunt
1295 1985 1458 2032 appro-

161 2041 266 2088 bare
287 2036 376 2104 pro'
394 2043 591 2106 magnis:
615 2042 762 2089 rursus
783 2059 939 2105 magna
960 2054 1184 2088 attenuare
1202 2073 1217 2096 ‚
1237 2053 1279 2087 et
1297 2043 1351 2088 ad
1371 2043 1457 2089 mi-

162 2113 280 2160 nima
310 2115 554 2162 deducere:
579 2114 649 2161 sed
671 2116 756 2161 alio
778 2115 853 2162 ista
875 2115 991 2163 vires
1019 2115 1164 2162 servet
1194 2115 1314 2170 suas,
1339 2132 1456 2162 nunc

163 2197 256 2233 tota
278 2187 318 2233 se
347 2187 391 2232 in
411 2187 613 2234 solatium
644 2203 770 2235 tuum
802 2190 1014 2236 conferat.
1044 2191 1128 2237 Sed
1153 2204 1301 2237 tamen
1324 2191 1457 2253 dispi-

163 2276 215 2306 ce
234 2296 246 2315 ,
266 2277 319 2306 ne
338 2262 426 2309 hoc
454 2262 539 2308 iam
569 2279 749 2326 quoque
785 2264 926 2326 ipsum
955 2265 1004 2311 {it
1031 2265 1366 2327 supervacuum.
1385 2266 1459 2312 ali·

163 2333 270 2395 quid
306 2336 421 2381 enim
455 2354 478 2382 a
517 2337 644 2383 nobis
681 2351 833 2383 natura
870 2338 1059 2400 exigitur
1089 2356 1100 2384 :
1137 2339 1233 2400 plus
1266 2340 1459 2387 vanitate

164 2407 452 2454 contrahitur.
483 2410 721 2472 Nunquam
757 2425 901 2456 autem
930 2426 1014 2472 ego
1046 2427 1069 2456 a
1090 2422 1160 2468 te,
1190 2427 1245 2456 ne
1276 2428 1331 2457 ex
1359 2422 1468 2456 totos

161 2495 375 2540 moereas,
390 2482 572 2545 exigam.
590 2486 644 2530 Et
662 2482 755 2530 scio
770 2482 961 2532 inveniri
979 2484 1194 2548 quosdam
1211 2484 1346 2531 durae
1366 2500 1457 2530 ma·
