<?xml version="1.0" encoding="UTF-8"?>
<!DOCTYPE html PUBLIC "-//W3C//DTD XHTML 1.0 Transitional//EN"
    "http://www.w3.org/TR/xhtml1/DTD/xhtml1-transitional.dtd">
<html xmlns="http://www.w3.org/1999/xhtml" xml:lang="en" lang="en">
 <head>
  <title>
</title>
<meta http-equiv="Content-Type" content="text/html;charset=utf-8" />
  <meta name='ocr-system' content='tesseract 3.04.00' />
  <meta name='ocr-capabilities' content='ocr_page ocr_carea ocr_par ocr_line ocrx_word'/>
</head>
<body>
  <div class='ocr_page' id='page_1' title='image "./lannaeisenecaeph01seneuoft_0234.png"; bbox 0 0 1741 2919; ppageno 0'>
   <div class='ocr_carea' id='block_1_1' title="bbox 296 138 1346 194">
    <p class='ocr_par' dir='ltr' id='par_1_1' title="bbox 296 138 1346 194">
     <span class='ocr_line' id='line_1_1' title="bbox 296 138 1346 194; baseline 0.007 -8"><span class='ocrx_word' id='word_1_1' title='bbox 296 138 384 188; x_wconf 79' lang='lat'>188</span> <span class='ocrx_word' id='word_1_2' title='bbox 553 143 602 190; x_wconf 91' lang='lat' dir='ltr'>L.</span> <span class='ocrx_word' id='word_1_3' title='bbox 644 142 945 191; x_wconf 87' lang='lat' dir='ltr'><strong>ANNAEI</strong></span> <span class='ocrx_word' id='word_1_4' title='bbox 993 146 1346 194; x_wconf 86' lang='lat' dir='ltr'><strong>SENECAE</strong></span> 
     </span>
    </p>
   </div>
   <div class='ocr_carea' id='block_1_2' title="bbox 288 247 1620 1834">
    <p class='ocr_par' dir='ltr' id='par_1_2' title="bbox 288 247 1620 1834">
     <span class='ocr_line' id='line_1_2' title="bbox 289 247 1569 315; baseline 0.005 -23"><span class='ocrx_word' id='word_1_5' title='bbox 289 247 336 293; x_wconf 88' lang='lat' dir='ltr'>in</span> <span class='ocrx_word' id='word_1_6' title='bbox 369 259 556 294; x_wconf 82' lang='lat' dir='ltr'>mentem</span> <span class='ocrx_word' id='word_1_7' title='bbox 578 249 729 306; x_wconf 86' lang='lat' dir='ltr'>venit,</span> <span class='ocrx_word' id='word_1_8' title='bbox 762 250 925 298; x_wconf 79' lang='lat' dir='ltr'>nostras</span> <span class='ocrx_word' id='word_1_9' title='bbox 946 265 1126 315; x_wconf 86' lang='lat' dir='ltr'>quoque</span> <span class='ocrx_word' id='word_1_10' title='bbox 1152 269 1260 314; x_wconf 77' lang='lat' dir='ltr'>opes</span> <span class='ocrx_word' id='word_1_11' title='bbox 1280 269 1416 315; x_wconf 83' lang='lat' dir='ltr'>aeque</span> <span class='ocrx_word' id='word_1_12' title='bbox 1444 252 1488 298; x_wconf 88' lang='lat' dir='ltr'>in</span> <span class='ocrx_word' id='word_1_13' title='bbox 1504 252 1569 299; x_wconf 88' lang='lat' dir='ltr'>lu-</span> 
     </span>
     <span class='ocr_line' id='line_1_3' title="bbox 288 320 1572 388; baseline 0.003 -21"><span class='ocrx_word' id='word_1_14' title='bbox 288 320 415 368; x_wconf 88' lang='lat' dir='ltr'>brico</span> <span class='ocrx_word' id='word_1_15' title='bbox 448 322 619 384; x_wconf 84' lang='lat' dir='ltr'>positas.</span> <span class='ocrx_word' id='word_1_16' title='bbox 652 324 837 371; x_wconf 80' lang='lat' dir='ltr'>Necesse</span> <span class='ocrx_word' id='word_1_17' title='bbox 867 325 927 372; x_wconf 90' lang='lat' dir='ltr'>est</span> <span class='ocrx_word' id='word_1_18' title='bbox 955 325 1100 388; x_wconf 80' lang='lat' dir='ltr'>itaque</span> <span class='ocrx_word' id='word_1_19' title='bbox 1120 326 1256 388; x_wconf 84' lang='lat' dir='ltr'>magis</span> <span class='ocrx_word' id='word_1_20' title='bbox 1284 341 1538 372; x_wconf 77' lang='lat' dir='ltr'>corruamus</span> <span class='ocrx_word' id='word_1_21' title='bbox 1557 360 1572 382; x_wconf 90' lang='lat'>,</span> 
     </span>
     <span class='ocr_line' id='line_1_4' title="bbox 291 393 1572 459; baseline 0.003 -22"><span class='ocrx_word' id='word_1_22' title='bbox 291 394 366 455; x_wconf 84' lang='lat' dir='ltr'>qui</span> <span class='ocrx_word' id='word_1_23' title='bbox 409 393 525 457; x_wconf 80' lang='lat' dir='ltr'>quasi</span> <span class='ocrx_word' id='word_1_24' title='bbox 560 411 614 440; x_wconf 83' lang='lat' dir='ltr'>ex</span> <span class='ocrx_word' id='word_1_25' title='bbox 637 396 871 459; x_wconf 83' lang='lat' dir='ltr'>inopinato</span> <span class='ocrx_word' id='word_1_26' title='bbox 904 396 1105 444; x_wconf 81' lang='lat' dir='ltr'>ferimur.</span> <span class='ocrx_word' id='word_1_27' title='bbox 1140 398 1265 457; x_wconf 79' lang='lat' dir='ltr'>Quae</span> <span class='ocrx_word' id='word_1_28' title='bbox 1300 397 1442 442; x_wconf 85' lang='lat' dir='ltr'>multo</span> <span class='ocrx_word' id='word_1_29' title='bbox 1475 408 1572 442; x_wconf 86' lang='lat' dir='ltr'>ante</span> 
     </span>
     <span class='ocr_line' id='line_1_5' title="bbox 292 465 1575 532; baseline 0.003 -21"><span class='ocrx_word' id='word_1_30' title='bbox 292 465 492 526; x_wconf 86' lang='lat' dir='ltr'>praevisa</span> <span class='ocrx_word' id='word_1_31' title='bbox 517 466 614 514; x_wconf 89' lang='lat' dir='ltr'>sunt</span> <span class='ocrx_word' id='word_1_32' title='bbox 631 503 645 526; x_wconf 86' lang='lat'>‚</span> <span class='ocrx_word' id='word_1_33' title='bbox 671 468 917 532; x_wconf 71' lang='lat' dir='ltr'>languidius</span> <span class='ocrx_word' id='word_1_34' title='bbox 945 471 1184 517; x_wconf 87' lang='lat' dir='ltr'>incurrunt.</span> <span class='ocrx_word' id='word_1_35' title='bbox 1218 470 1297 515; x_wconf 88' lang='lat' dir='ltr'>Vis</span> <span class='ocrx_word' id='word_1_36' title='bbox 1320 481 1365 515; x_wconf 89' lang='lat' dir='ltr'>tu</span> <span class='ocrx_word' id='word_1_37' title='bbox 1393 469 1498 516; x_wconf 90' lang='lat' dir='ltr'>scire</span> <span class='ocrx_word' id='word_1_38' title='bbox 1532 481 1575 515; x_wconf 88' lang='lat' dir='ltr'>te</span> 
     </span>
     <span class='ocr_line' id='line_1_6' title="bbox 293 539 1576 606; baseline 0.001 -21"><span class='ocrx_word' id='word_1_39' title='bbox 293 539 348 585; x_wconf 82' lang='lat' dir='ltr'>ad</span> <span class='ocrx_word' id='word_1_40' title='bbox 376 555 532 588; x_wconf 88' lang='lat' dir='ltr'>omnes</span> <span class='ocrx_word' id='word_1_41' title='bbox 557 540 797 603; x_wconf 77' lang='lat' dir='ltr'>expositam</span> <span class='ocrx_word' id='word_1_42' title='bbox 828 541 935 588; x_wconf 56' lang='lat' dir='ltr'>iiius</span> <span class='ocrx_word' id='word_1_43' title='bbox 965 543 1072 588; x_wconf 83' lang='lat' dir='ltr'>stare</span> <span class='ocrx_word' id='word_1_44' title='bbox 1093 578 1108 601; x_wconf 78' lang='grc'><em>,</em></span> <span class='ocrx_word' id='word_1_45' title='bbox 1137 558 1180 588; x_wconf 90' lang='lat' dir='ltr'>et</span> <span class='ocrx_word' id='word_1_46' title='bbox 1215 542 1282 588; x_wconf 82' lang='lat' dir='ltr'>issa</span> <span class='ocrx_word' id='word_1_47' title='bbox 1319 559 1430 606; x_wconf 87' lang='lat' dir='ltr'>quae</span> <span class='ocrx_word' id='word_1_48' title='bbox 1466 541 1576 587; x_wconf 87' lang='lat' dir='ltr'>alios</span> 
     </span>
     <span class='ocr_line' id='line_1_7' title="bbox 292 611 1576 671; baseline 0.002 -14"><span class='ocrx_word' id='word_1_49' title='bbox 292 612 377 658; x_wconf 83' lang='lat' dir='ltr'>tela</span> <span class='ocrx_word' id='word_1_50' title='bbox 404 611 624 671; x_wconf 85' lang='lat' dir='ltr'>fixerunt,</span> <span class='ocrx_word' id='word_1_51' title='bbox 656 614 773 663; x_wconf 82' lang='lat' dir='ltr'>circa</span> <span class='ocrx_word' id='word_1_52' title='bbox 808 631 850 661; x_wconf 77' lang='lat' dir='ltr'>re</span> <span class='ocrx_word' id='word_1_53' title='bbox 888 615 1112 662; x_wconf 72' lang='lat' dir='ltr'>vibrasse?</span> <span class='ocrx_word' id='word_1_54' title='bbox 1143 616 1261 663; x_wconf 86' lang='lat' dir='ltr'>velut</span> <span class='ocrx_word' id='word_1_55' title='bbox 1289 632 1464 661; x_wconf 88' lang='lat' dir='ltr'>murum</span> <span class='ocrx_word' id='word_1_56' title='bbox 1493 614 1576 660; x_wconf 87' lang='lat' dir='ltr'>ali-</span> 
     </span>
     <span class='ocr_line' id='line_1_8' title="bbox 291 687 1577 748; baseline 0.002 -18"><span class='ocrx_word' id='word_1_57' title='bbox 291 700 427 748; x_wconf 82' lang='lat' dir='ltr'>quem</span> <span class='ocrx_word' id='word_1_58' title='bbox 444 722 458 743; x_wconf 89' lang='lat'>,</span> <span class='ocrx_word' id='word_1_59' title='bbox 479 702 552 734; x_wconf 89' lang='lat' dir='ltr'>aut</span> <span class='ocrx_word' id='word_1_60' title='bbox 573 688 791 735; x_wconf 79' lang='lat' dir='ltr'>obsessum</span> <span class='ocrx_word' id='word_1_61' title='bbox 818 688 960 735; x_wconf 74' lang='lat' dir='ltr'>multo</span> <span class='ocrx_word' id='word_1_62' title='bbox 989 688 1112 735; x_wconf 87' lang='lat' dir='ltr'>hoste</span> <span class='ocrx_word' id='word_1_63' title='bbox 1127 688 1275 735; x_wconf 92' lang='lat' dir='ltr'>locum</span> <span class='ocrx_word' id='word_1_64' title='bbox 1296 723 1309 746; x_wconf 89' lang='lat'>‚</span> <span class='ocrx_word' id='word_1_65' title='bbox 1330 700 1372 734; x_wconf 91' lang='lat' dir='ltr'>et</span> <span class='ocrx_word' id='word_1_66' title='bbox 1391 687 1577 733; x_wconf 86' lang='lat' dir='ltr'>arduum</span> 
     </span>
     <span class='ocr_line' id='line_1_9' title="bbox 294 757 1579 823; baseline 0.003 -21"><span class='ocrx_word' id='word_1_67' title='bbox 294 757 526 818; x_wconf 80' lang='lat' dir='ltr'>adscensu,</span> <span class='ocrx_word' id='word_1_68' title='bbox 541 760 721 808; x_wconf 82' lang='lat' dir='ltr'>inermis</span> <span class='ocrx_word' id='word_1_69' title='bbox 740 763 866 808; x_wconf 82' lang='lat' dir='ltr'>adeas</span> <span class='ocrx_word' id='word_1_70' title='bbox 886 797 898 818; x_wconf 86' lang='lat'><strong>‚</strong></span> <span class='ocrx_word' id='word_1_71' title='bbox 919 762 1120 823; x_wconf 68' lang='lat' dir='ltr'>exspe&amp;a</span> <span class='ocrx_word' id='word_1_72' title='bbox 1139 763 1300 809; x_wconf 88' lang='lat' dir='ltr'>vulnus</span> <span class='ocrx_word' id='word_1_73' title='bbox 1321 796 1334 819; x_wconf 89' lang='lat'>,</span> <span class='ocrx_word' id='word_1_74' title='bbox 1355 775 1398 808; x_wconf 91' lang='lat' dir='ltr'>et</span> <span class='ocrx_word' id='word_1_75' title='bbox 1419 761 1488 806; x_wconf 84' lang='lat' dir='ltr'>illa</span> <span class='ocrx_word' id='word_1_76' title='bbox 1507 761 1579 807; x_wconf 80' lang='lat' dir='ltr'>su·</span> 
     </span>
     <span class='ocr_line' id='line_1_10' title="bbox 294 832 1576 898; baseline 0.003 -23"><span class='ocrx_word' id='word_1_77' title='bbox 294 847 433 892; x_wconf 81' lang='lat' dir='ltr'>perne</span> <span class='ocrx_word' id='word_1_78' title='bbox 456 832 649 881; x_wconf 79' lang='lat' dir='ltr'>volantia</span> <span class='ocrx_word' id='word_1_79' title='bbox 662 852 765 881; x_wconf 89' lang='lat' dir='ltr'>cum</span> <span class='ocrx_word' id='word_1_80' title='bbox 784 834 944 898; x_wconf 74' lang='lat' dir='ltr'>sagittis</span> <span class='ocrx_word' id='word_1_81' title='bbox 959 834 1142 897; x_wconf 87' lang='lat' dir='ltr'>pilisque</span> <span class='ocrx_word' id='word_1_82' title='bbox 1159 833 1253 880; x_wconf 78' lang='lat' dir='ltr'>saxa</span> <span class='ocrx_word' id='word_1_83' title='bbox 1274 848 1378 896; x_wconf 81' lang='lat' dir='ltr'>puta</span> <span class='ocrx_word' id='word_1_84' title='bbox 1396 834 1439 879; x_wconf 91' lang='lat' dir='ltr'>in</span> <span class='ocrx_word' id='word_1_85' title='bbox 1454 845 1576 880; x_wconf 88' lang='lat' dir='ltr'>tuum</span> 
     </span>
     <span class='ocr_line' id='line_1_11' title="bbox 293 903 1578 970; baseline 0.004 -22"><span class='ocrx_word' id='word_1_86' title='bbox 293 903 447 951; x_wconf 84' lang='lat' dir='ltr'>librata</span> <span class='ocrx_word' id='word_1_87' title='bbox 478 923 654 970; x_wconf 83' lang='lat' dir='ltr'>corpus.</span> <span class='ocrx_word' id='word_1_88' title='bbox 681 909 874 968; x_wconf 78' lang='lat' dir='ltr'>Quoties</span> <span class='ocrx_word' id='word_1_89' title='bbox 897 921 969 953; x_wconf 89' lang='lat' dir='ltr'>aut</span> <span class='ocrx_word' id='word_1_90' title='bbox 999 908 1053 952; x_wconf 85' lang='lat' dir='ltr'>ad</span> <span class='ocrx_word' id='word_1_91' title='bbox 1074 908 1180 953; x_wconf 82' lang='lat' dir='ltr'>latus</span> <span class='ocrx_word' id='word_1_92' title='bbox 1197 940 1210 962; x_wconf 90' lang='lat'><strong>‚</strong></span> <span class='ocrx_word' id='word_1_93' title='bbox 1243 920 1317 953; x_wconf 87' lang='lat' dir='ltr'>aut</span> <span class='ocrx_word' id='word_1_94' title='bbox 1346 923 1464 970; x_wconf 89' lang='lat' dir='ltr'>pone</span> <span class='ocrx_word' id='word_1_95' title='bbox 1489 922 1578 954; x_wconf 88' lang='lat' dir='ltr'>ter-</span> 
     </span>
     <span class='ocr_line' id='line_1_12' title="bbox 295 979 1579 1043; baseline 0.005 -22"><span class='ocrx_word' id='word_1_96' title='bbox 295 993 400 1039; x_wconf 82' lang='lat' dir='ltr'>gum</span> <span class='ocrx_word' id='word_1_97' title='bbox 425 979 691 1037; x_wconf 84' lang='lat' dir='ltr'>ceciderint,</span> <span class='ocrx_word' id='word_1_98' title='bbox 720 981 937 1027; x_wconf 84' lang='lat' dir='ltr'>exclama:</span> <span class='ocrx_word' id='word_1_99' title='bbox 960 982 1065 1026; x_wconf 90' lang='lat' dir='ltr'>Non</span> <span class='ocrx_word' id='word_1_100' title='bbox 1093 981 1283 1043; x_wconf 76' lang='lat' dir='ltr'>decipies</span> <span class='ocrx_word' id='word_1_101' title='bbox 1310 997 1405 1035; x_wconf 86' lang='lat' dir='ltr'>me,</span> <span class='ocrx_word' id='word_1_102' title='bbox 1432 980 1579 1027; x_wconf 86' lang='lat' dir='ltr'>fortu-</span> 
     </span>
     <span class='ocr_line' id='line_1_13' title="bbox 296 1052 1580 1116; baseline 0.004 -21"><span class='ocrx_word' id='word_1_103' title='bbox 296 1066 375 1107; x_wconf 84' lang='lat' dir='ltr'>na,</span> <span class='ocrx_word' id='word_1_104' title='bbox 398 1068 477 1098; x_wconf 87' lang='lat' dir='ltr'>nec</span> <span class='ocrx_word' id='word_1_105' title='bbox 499 1052 692 1099; x_wconf 89' lang='lat' dir='ltr'>securam</span> <span class='ocrx_word' id='word_1_106' title='bbox 705 1069 780 1099; x_wconf 86' lang='lat' dir='ltr'>aut</span> <span class='ocrx_word' id='word_1_107' title='bbox 799 1053 1092 1116; x_wconf 80' lang='lat' dir='ltr'>negligentem</span> <span class='ocrx_word' id='word_1_108' title='bbox 1111 1055 1348 1114; x_wconf 83' lang='lat' dir='ltr'>opprimes.</span> <span class='ocrx_word' id='word_1_109' title='bbox 1362 1054 1453 1099; x_wconf 91' lang='lat' dir='ltr'>scio</span> <span class='ocrx_word' id='word_1_110' title='bbox 1470 1054 1580 1116; x_wconf 87' lang='lat' dir='ltr'>quid</span> 
     </span>
     <span class='ocr_line' id='line_1_14' title="bbox 295 1126 1583 1190; baseline 0.005 -21"><span class='ocrx_word' id='word_1_111' title='bbox 295 1140 437 1186; x_wconf 84' lang='lat' dir='ltr'>pares.</span> <span class='ocrx_word' id='word_1_112' title='bbox 464 1126 594 1172; x_wconf 90' lang='lat' dir='ltr'>alium</span> <span class='ocrx_word' id='word_1_113' title='bbox 614 1127 850 1190; x_wconf 84' lang='lat' dir='ltr'>percuffisti</span> <span class='ocrx_word' id='word_1_114' title='bbox 866 1163 879 1186; x_wconf 92' lang='lat'>‚</span> <span class='ocrx_word' id='word_1_115' title='bbox 902 1145 973 1173; x_wconf 86' lang='lat' dir='ltr'>me</span> <span class='ocrx_word' id='word_1_116' title='bbox 990 1126 1142 1189; x_wconf 84' lang='lat' dir='ltr'>petisti.</span> <span class='ocrx_word' id='word_1_117' title='bbox 1168 1127 1281 1186; x_wconf 84' lang='lat' dir='ltr'>Quis</span> <span class='ocrx_word' id='word_1_118' title='bbox 1299 1143 1492 1190; x_wconf 84' lang='lat' dir='ltr'>unquam</span> <span class='ocrx_word' id='word_1_119' title='bbox 1511 1144 1583 1175; x_wconf 85' lang='lat' dir='ltr'>res</span> 
     </span>
     <span class='ocr_line' id='line_1_15' title="bbox 296 1197 1584 1264; baseline 0.003 -20"><span class='ocrx_word' id='word_1_120' title='bbox 296 1197 420 1254; x_wconf 62' lang='lat' dir='ltr'>surm,</span> <span class='ocrx_word' id='word_1_121' title='bbox 455 1199 573 1262; x_wconf 73' lang='lat' dir='ltr'>quasi</span> <span class='ocrx_word' id='word_1_122' title='bbox 604 1201 849 1263; x_wconf 85' lang='lat' dir='ltr'>periturus,</span> <span class='ocrx_word' id='word_1_123' title='bbox 882 1201 1103 1263; x_wconf 81' lang='lat' dir='ltr'>adspexit?</span> <span class='ocrx_word' id='word_1_124' title='bbox 1149 1202 1247 1264; x_wconf 88' lang='lat' dir='ltr'>quis</span> <span class='ocrx_word' id='word_1_125' title='bbox 1273 1218 1467 1264; x_wconf 81' lang='lat' dir='ltr'>unquam</span> <span class='ocrx_word' id='word_1_126' title='bbox 1499 1218 1584 1248; x_wconf 87' lang='lat' dir='ltr'>no-</span> 
     </span>
     <span class='ocr_line' id='line_1_16' title="bbox 297 1272 1585 1337; baseline 0.002 -19"><span class='ocrx_word' id='word_1_127' title='bbox 297 1272 373 1319; x_wconf 75' lang='lat' dir='ltr'>fir</span> <span class='ocrx_word' id='word_1_128' title='bbox 361 1289 432 1318; x_wconf 70' lang='lat' dir='ltr'>im</span> <span class='ocrx_word' id='word_1_129' title='bbox 460 1273 514 1318; x_wconf 92' lang='lat' dir='ltr'>de</span> <span class='ocrx_word' id='word_1_130' title='bbox 540 1272 721 1332; x_wconf 82' lang='lat' dir='ltr'>exsilio,</span> <span class='ocrx_word' id='word_1_131' title='bbox 743 1275 796 1321; x_wconf 90' lang='lat' dir='ltr'>de</span> <span class='ocrx_word' id='word_1_132' title='bbox 826 1272 1042 1337; x_wconf 86' lang='lat' dir='ltr'>egestate,</span> <span class='ocrx_word' id='word_1_133' title='bbox 1062 1273 1115 1319; x_wconf 90' lang='lat' dir='ltr'>de</span> <span class='ocrx_word' id='word_1_134' title='bbox 1141 1273 1258 1319; x_wconf 60' lang='lat' dir='ltr'>luftu</span> <span class='ocrx_word' id='word_1_135' title='bbox 1287 1274 1482 1336; x_wconf 84' lang='lat' dir='ltr'>cogitare</span> <span class='ocrx_word' id='word_1_136' title='bbox 1508 1291 1585 1321; x_wconf 82' lang='lat' dir='ltr'>au-</span> 
     </span>
     <span class='ocr_line' id='line_1_17' title="bbox 298 1344 1584 1410; baseline 0.002 -18"><span class='ocrx_word' id='word_1_137' title='bbox 298 1345 367 1393; x_wconf 84' lang='lat' dir='ltr'>sus</span> <span class='ocrx_word' id='word_1_138' title='bbox 382 1344 469 1393; x_wconf 83' lang='lat' dir='ltr'>est?</span> <span class='ocrx_word' id='word_1_139' title='bbox 492 1346 590 1409; x_wconf 88' lang='lat' dir='ltr'>quis</span> <span class='ocrx_word' id='word_1_140' title='bbox 610 1363 723 1401; x_wconf 88' lang='lat' dir='ltr'>non,</span> <span class='ocrx_word' id='word_1_141' title='bbox 740 1346 769 1392; x_wconf 87' lang='lat' dir='ltr'><strong>fi</strong></span> <span class='ocrx_word' id='word_1_142' title='bbox 789 1348 1080 1393; x_wconf 84' lang='lat' dir='ltr'>admoneatur</span> <span class='ocrx_word' id='word_1_143' title='bbox 1097 1360 1143 1392; x_wconf 87' lang='lat' dir='ltr'>ut</span> <span class='ocrx_word' id='word_1_144' title='bbox 1162 1347 1355 1410; x_wconf 84' lang='lat' dir='ltr'>cogitet,</span> <span class='ocrx_word' id='word_1_145' title='bbox 1375 1360 1584 1410; x_wconf 75' lang='lat' dir='ltr'>tanquam</span> 
     </span>
     <span class='ocr_line' id='line_1_18' title="bbox 299 1418 1588 1481; baseline 0.002 -17"><span class='ocrx_word' id='word_1_146' title='bbox 299 1419 446 1465; x_wconf 73' lang='lat' dir='ltr'>ditum</span> <span class='ocrx_word' id='word_1_147' title='bbox 471 1434 605 1464; x_wconf 90' lang='lat' dir='ltr'>omen</span> <span class='ocrx_word' id='word_1_148' title='bbox 642 1419 846 1481; x_wconf 86' lang='lat' dir='ltr'>respuat,</span> <span class='ocrx_word' id='word_1_149' title='bbox 877 1435 921 1466; x_wconf 89' lang='lat' dir='ltr'>et</span> <span class='ocrx_word' id='word_1_150' title='bbox 950 1419 994 1465; x_wconf 87' lang='lat' dir='ltr'>in</span> <span class='ocrx_word' id='word_1_151' title='bbox 1026 1419 1165 1479; x_wconf 85' lang='lat' dir='ltr'>capita</span> <span class='ocrx_word' id='word_1_152' title='bbox 1199 1418 1483 1465; x_wconf 87' lang='lat' dir='ltr'>inimicorum</span> <span class='ocrx_word' id='word_1_153' title='bbox 1512 1432 1588 1467; x_wconf 85' lang='lat' dir='ltr'>aut</span> 
     </span>
     <span class='ocr_line' id='line_1_19' title="bbox 300 1488 1587 1553; baseline 0.002 -18"><span class='ocrx_word' id='word_1_154' title='bbox 300 1488 432 1552; x_wconf 76' lang='lat' dir='ltr'>ipsius</span> <span class='ocrx_word' id='word_1_155' title='bbox 457 1489 757 1553; x_wconf 86' lang='lat' dir='ltr'>intempestivi</span> <span class='ocrx_word' id='word_1_156' title='bbox 790 1491 1023 1538; x_wconf 84' lang='lat' dir='ltr'>monitoris</span> <span class='ocrx_word' id='word_1_157' title='bbox 1048 1492 1166 1537; x_wconf 83' lang='lat' dir='ltr'>abire</span> <span class='ocrx_word' id='word_1_158' title='bbox 1194 1490 1263 1535; x_wconf 84' lang='lat' dir='ltr'>illa</span> <span class='ocrx_word' id='word_1_159' title='bbox 1286 1490 1460 1537; x_wconf 81' lang='lat' dir='ltr'>iubeat?</span> <span class='ocrx_word' id='word_1_160' title='bbox 1481 1493 1587 1538; x_wconf 91' lang='lat' dir='ltr'>Non</span> 
     </span>
     <span class='ocr_line' id='line_1_20' title="bbox 302 1562 1620 1626; baseline -0.001 -16"><span class='ocrx_word' id='word_1_161' title='bbox 302 1564 454 1626; x_wconf 82' lang='lat' dir='ltr'>putavi</span> <span class='ocrx_word' id='word_1_162' title='bbox 485 1563 697 1611; x_wconf 88' lang='lat' dir='ltr'>futurum.</span> <span class='ocrx_word' id='word_1_163' title='bbox 727 1564 980 1625; x_wconf 83' lang='lat' dir='ltr'>Quidquam</span> <span class='ocrx_word' id='word_1_164' title='bbox 1013 1576 1059 1609; x_wconf 83' lang='lat' dir='ltr'>tu</span> <span class='ocrx_word' id='word_1_165' title='bbox 1091 1574 1216 1625; x_wconf 87' lang='lat' dir='ltr'>putas</span> <span class='ocrx_word' id='word_1_166' title='bbox 1245 1578 1335 1607; x_wconf 87' lang='lat' dir='ltr'>non</span> <span class='ocrx_word' id='word_1_167' title='bbox 1362 1562 1554 1609; x_wconf 80' lang='lat' dir='ltr'>futurum</span> <span class='ocrx_word' id='word_1_168' title='bbox 1573 1596 1587 1620; x_wconf 89' lang='lat'>,</span> <span class='ocrx_word' id='word_1_169' title='bbox 1616 1575 1620 1581; x_wconf 66' lang='lat'>‘</span> 
     </span>
     <span class='ocr_line' id='line_1_21' title="bbox 300 1635 1588 1701; baseline -0.001 -17"><span class='ocrx_word' id='word_1_170' title='bbox 300 1639 426 1701; x_wconf 88' lang='lat' dir='ltr'>quod</span> <span class='ocrx_word' id='word_1_171' title='bbox 448 1638 594 1685; x_wconf 83' lang='lat' dir='ltr'>multis</span> <span class='ocrx_word' id='word_1_172' title='bbox 621 1637 701 1684; x_wconf 86' lang='lat' dir='ltr'>scis</span> <span class='ocrx_word' id='word_1_173' title='bbox 723 1635 843 1700; x_wconf 74' lang='lat' dir='ltr'>posse</span> <span class='ocrx_word' id='word_1_174' title='bbox 865 1636 958 1682; x_wconf 85' lang='lat' dir='ltr'>sieri</span> <span class='ocrx_word' id='word_1_175' title='bbox 974 1672 987 1694; x_wconf 83' lang='lat'>‚</span> <span class='ocrx_word' id='word_1_176' title='bbox 1014 1638 1135 1699; x_wconf 89' lang='lat' dir='ltr'>quod</span> <span class='ocrx_word' id='word_1_177' title='bbox 1159 1635 1303 1682; x_wconf 89' lang='lat' dir='ltr'>multis</span> <span class='ocrx_word' id='word_1_178' title='bbox 1336 1636 1460 1683; x_wconf 86' lang='lat' dir='ltr'>vides</span> <span class='ocrx_word' id='word_1_179' title='bbox 1485 1653 1588 1684; x_wconf 89' lang='lat' dir='ltr'>eve-</span> 
     </span>
     <span class='ocr_line' id='line_1_22' title="bbox 302 1709 1589 1776; baseline -0.004 -17"><span class='ocrx_word' id='word_1_180' title='bbox 302 1712 445 1760; x_wconf 82' lang='lat' dir='ltr'>niffe?</span> <span class='ocrx_word' id='word_1_181' title='bbox 476 1711 712 1776; x_wconf 76' lang='lat' dir='ltr'>Egregium</span> <span class='ocrx_word' id='word_1_182' title='bbox 734 1711 906 1759; x_wconf 87' lang='lat' dir='ltr'>versum</span> <span class='ocrx_word' id='word_1_183' title='bbox 927 1725 970 1758; x_wconf 90' lang='lat' dir='ltr'>et</span> <span class='ocrx_word' id='word_1_184' title='bbox 990 1711 1201 1774; x_wconf 84' lang='lat' dir='ltr'>dignum,</span> <span class='ocrx_word' id='word_1_185' title='bbox 1227 1709 1302 1773; x_wconf 88' lang='lat' dir='ltr'>qui</span> <span class='ocrx_word' id='word_1_186' title='bbox 1319 1726 1411 1757; x_wconf 92' lang='lat' dir='ltr'>non</span> <span class='ocrx_word' id='word_1_187' title='bbox 1429 1726 1452 1756; x_wconf 91' lang='lat' dir='ltr'>e</span> <span class='ocrx_word' id='word_1_188' title='bbox 1472 1710 1589 1758; x_wconf 82' lang='lat' dir='ltr'>Pub-.-</span> 
     </span>
     <span class='ocr_line' id='line_1_23' title="bbox 301 1784 568 1834; baseline -0.007 -1"><span class='ocrx_word' id='word_1_189' title='bbox 301 1785 365 1833; x_wconf 90' lang='lat' dir='ltr'>lio</span> <span class='ocrx_word' id='word_1_190' title='bbox 394 1784 568 1834; x_wconf 86' lang='lat' dir='ltr'>exiret:</span> 
     </span>
    </p>
   </div>
   <div class='ocr_carea' id='block_1_3' title="bbox 439 1895 1462 1963">
    <p class='ocr_par' dir='ltr' id='par_1_3' title="bbox 439 1895 1462 1963">
     <span class='ocr_line' id='line_1_24' title="bbox 439 1895 1462 1963; baseline 0.003 -21"><span class='ocrx_word' id='word_1_191' title='bbox 439 1896 591 1943; x_wconf 79' lang='lat' dir='ltr'>Cuivis</span> <span class='ocrx_word' id='word_1_192' title='bbox 606 1895 734 1962; x_wconf 54' lang='lat' dir='ltr'>potest</span> <span class='ocrx_word' id='word_1_193' title='bbox 760 1896 958 1955; x_wconf 77' lang='lat' dir='ltr'>accidere,</span> <span class='ocrx_word' id='word_1_194' title='bbox 979 1899 1093 1958; x_wconf 76' lang='lat' dir='ltr'>quod</span> <span class='ocrx_word' id='word_1_195' title='bbox 1109 1898 1300 1959; x_wconf 84' lang='lat' dir='ltr'>cuiquam</span> <span class='ocrx_word' id='word_1_196' title='bbox 1317 1898 1462 1963; x_wconf 71' lang='lat' dir='ltr'>potess-</span> 
     </span>
    </p>
   </div>
   <div class='ocr_carea' id='block_1_4' title="bbox 304 1999 1597 2506">
    <p class='ocr_par' dir='ltr' id='par_1_4' title="bbox 304 1999 1597 2359">
     <span class='ocr_line' id='line_1_25' title="bbox 304 1999 1592 2065; baseline -0.002 -14"><span class='ocrx_word' id='word_1_197' title='bbox 304 2002 380 2051; x_wconf 83' lang='lat' dir='ltr'>llle</span> <span class='ocrx_word' id='word_1_198' title='bbox 408 2001 546 2048; x_wconf 82' lang='lat' dir='ltr'>amisit</span> <span class='ocrx_word' id='word_1_199' title='bbox 574 1999 737 2047; x_wconf 81' lang='lat' dir='ltr'>liberos</span> <span class='ocrx_word' id='word_1_200' title='bbox 764 2018 775 2046; x_wconf 76' lang='lat' dir='ltr'>t</span> <span class='ocrx_word' id='word_1_201' title='bbox 802 2015 846 2047; x_wconf 89' lang='lat' dir='ltr'>et</span> <span class='ocrx_word' id='word_1_202' title='bbox 864 2011 909 2046; x_wconf 86' lang='lat' dir='ltr'>tu</span> <span class='ocrx_word' id='word_1_203' title='bbox 929 2002 1129 2049; x_wconf 75' lang='lat' dir='ltr'>amittere</span> <span class='ocrx_word' id='word_1_204' title='bbox 1158 2016 1296 2065; x_wconf 87' lang='lat' dir='ltr'>potes.</span> <span class='ocrx_word' id='word_1_205' title='bbox 1316 2001 1390 2049; x_wconf 88' lang='lat' dir='ltr'>Ille</span> <span class='ocrx_word' id='word_1_206' title='bbox 1409 2002 1592 2048; x_wconf 85' lang='lat' dir='ltr'>damna-</span> 
     </span>
     <span class='ocr_line' id='line_1_26' title="bbox 305 2074 1593 2127; baseline -0.006 0"><span class='ocrx_word' id='word_1_207' title='bbox 305 2094 375 2127; x_wconf 85' lang='lat' dir='ltr'>tus</span> <span class='ocrx_word' id='word_1_208' title='bbox 396 2076 458 2124; x_wconf 84' lang='lat' dir='ltr'>est</span> <span class='ocrx_word' id='word_1_209' title='bbox 478 2088 551 2124; x_wconf 85' lang='lat' dir='ltr'>:et</span> <span class='ocrx_word' id='word_1_210' title='bbox 571 2089 644 2123; x_wconf 86' lang='lat' dir='ltr'>tua</span> <span class='ocrx_word' id='word_1_211' title='bbox 664 2075 917 2122; x_wconf 72' lang='lat' dir='ltr'>innocentia</span> <span class='ocrx_word' id='word_1_212' title='bbox 938 2074 1015 2121; x_wconf 88' lang='lat' dir='ltr'>sub</span> <span class='ocrx_word' id='word_1_213' title='bbox 1047 2076 1133 2122; x_wconf 53' lang='lat' dir='ltr'>ictu</span> <span class='ocrx_word' id='word_1_214' title='bbox 1161 2075 1234 2122; x_wconf 84' lang='lat' dir='ltr'>est.</span> <span class='ocrx_word' id='word_1_215' title='bbox 1260 2074 1345 2122; x_wconf 90' lang='lat' dir='ltr'>Hic</span> <span class='ocrx_word' id='word_1_216' title='bbox 1368 2091 1449 2121; x_wconf 87' lang='lat' dir='ltr'>nos</span> <span class='ocrx_word' id='word_1_217' title='bbox 1467 2090 1593 2122; x_wconf 86' lang='lat' dir='ltr'>error</span> 
     </span>
     <span class='ocr_line' id='line_1_27' title="bbox 306 2147 1591 2214; baseline -0.006 -15"><span class='ocrx_word' id='word_1_218' title='bbox 306 2150 495 2214; x_wconf 89' lang='lat' dir='ltr'>decipit,</span> <span class='ocrx_word' id='word_1_219' title='bbox 517 2149 590 2196; x_wconf 89' lang='lat' dir='ltr'>hic</span> <span class='ocrx_word' id='word_1_220' title='bbox 611 2147 854 2204; x_wconf 84' lang='lat' dir='ltr'>effeminat,</span> <span class='ocrx_word' id='word_1_221' title='bbox 876 2148 979 2193; x_wconf 90' lang='lat' dir='ltr'>dum</span> <span class='ocrx_word' id='word_1_222' title='bbox 1001 2147 1188 2209; x_wconf 86' lang='lat' dir='ltr'>patimur</span> <span class='ocrx_word' id='word_1_223' title='bbox 1203 2183 1218 2204; x_wconf 92' lang='lat'>,</span> <span class='ocrx_word' id='word_1_224' title='bbox 1237 2163 1349 2209; x_wconf 87' lang='lat' dir='ltr'>quae</span> <span class='ocrx_word' id='word_1_225' title='bbox 1368 2162 1591 2208; x_wconf 87' lang='lat' dir='ltr'>nunquam</span> 
     </span>
     <span class='ocr_line' id='line_1_28' title="bbox 309 2219 1597 2289; baseline -0.003 -18"><span class='ocrx_word' id='word_1_226' title='bbox 309 2224 402 2289; x_wconf 85' lang='lat' dir='ltr'>pati</span> <span class='ocrx_word' id='word_1_227' title='bbox 426 2240 508 2271; x_wconf 86' lang='lat' dir='ltr'>nos</span> <span class='ocrx_word' id='word_1_228' title='bbox 527 2222 647 2286; x_wconf 79' lang='lat' dir='ltr'>posse</span> <span class='ocrx_word' id='word_1_229' title='bbox 671 2220 983 2285; x_wconf 86' lang='lat' dir='ltr'>praevidimus.</span> <span class='ocrx_word' id='word_1_230' title='bbox 1007 2220 1160 2268; x_wconf 81' lang='lat' dir='ltr'>Aufert</span> <span class='ocrx_word' id='word_1_231' title='bbox 1184 2220 1277 2269; x_wconf 89' lang='lat' dir='ltr'>vim</span> <span class='ocrx_word' id='word_1_232' title='bbox 1301 2219 1597 2283; x_wconf 86' lang='lat' dir='ltr'>praesentibus</span> 
     </span>
     <span class='ocr_line' id='line_1_29' title="bbox 310 2292 1014 2359; baseline -0.01 -15"><span class='ocrx_word' id='word_1_233' title='bbox 310 2296 465 2352; x_wconf 89' lang='lat' dir='ltr'>malis,</span> <span class='ocrx_word' id='word_1_234' title='bbox 497 2296 576 2359; x_wconf 88' lang='lat' dir='ltr'>qui</span> <span class='ocrx_word' id='word_1_235' title='bbox 604 2293 749 2340; x_wconf 83' lang='lat' dir='ltr'>futura</span> <span class='ocrx_word' id='word_1_236' title='bbox 776 2292 1014 2356; x_wconf 84' lang='lat' dir='ltr'>prospexit.</span> 
     </span>
    </p>

    <p class='ocr_par' dir='ltr' id='par_1_5' title="bbox 311 2361 1596 2506">
     <span class='ocr_line' id='line_1_30' title="bbox 377 2361 1596 2430; baseline -0.006 -15"><span class='ocrx_word' id='word_1_237' title='bbox 377 2370 437 2415; x_wconf 88' lang='lat' dir='ltr'>X.</span> <span class='ocrx_word' id='word_1_238' title='bbox 470 2366 706 2430; x_wconf 84' lang='lat' dir='ltr'>Quidquid·</span> <span class='ocrx_word' id='word_1_239' title='bbox 722 2363 782 2412; x_wconf 82' lang='lat' dir='ltr'>est</span> <span class='ocrx_word' id='word_1_240' title='bbox 801 2364 888 2411; x_wconf 87' lang='lat' dir='ltr'>hoc</span> <span class='ocrx_word' id='word_1_241' title='bbox 903 2397 917 2418; x_wconf 90' lang='lat'><strong>‚</strong></span> <span class='ocrx_word' id='word_1_242' title='bbox 944 2362 1110 2410; x_wconf 86' lang='lat' dir='ltr'>Marcia</span> <span class='ocrx_word' id='word_1_243' title='bbox 1126 2398 1140 2422; x_wconf 86' lang='lat'>,</span> <span class='ocrx_word' id='word_1_244' title='bbox 1161 2362 1283 2426; x_wconf 90' lang='lat' dir='ltr'>quod</span> <span class='ocrx_word' id='word_1_245' title='bbox 1304 2361 1419 2409; x_wconf 87' lang='lat' dir='ltr'>circa</span> <span class='ocrx_word' id='word_1_246' title='bbox 1440 2377 1523 2408; x_wconf 89' lang='lat' dir='ltr'>nos</span> <span class='ocrx_word' id='word_1_247' title='bbox 1539 2377 1596 2408; x_wconf 85' lang='lat' dir='ltr'>ex</span> 
     </span>
     <span class='ocr_line' id='line_1_31' title="bbox 311 2435 1596 2506; baseline -0.007 -15"><span class='ocrx_word' id='word_1_248' title='bbox 311 2442 562 2492; x_wconf 66' lang='lat' dir='ltr'>adventitio</span> <span class='ocrx_word' id='word_1_249' title='bbox 577 2441 740 2506; x_wconf 82' lang='lat' dir='ltr'>fulget,</span> <span class='ocrx_word' id='word_1_250' title='bbox 758 2441 908 2502; x_wconf 86' lang='lat' dir='ltr'>liberi,</span> <span class='ocrx_word' id='word_1_251' title='bbox 925 2440 1121 2489; x_wconf 89' lang='lat' dir='ltr'>honores</span> <span class='ocrx_word' id='word_1_252' title='bbox 1130 2473 1147 2498; x_wconf 90' lang='lat'>‚</span> <span class='ocrx_word' id='word_1_253' title='bbox 1163 2453 1272 2502; x_wconf 84' lang='lat' dir='ltr'>opes</span> <span class='ocrx_word' id='word_1_254' title='bbox 1282 2471 1302 2497; x_wconf 79' lang='lat'>‚</span> <span class='ocrx_word' id='word_1_255' title='bbox 1313 2436 1462 2502; x_wconf 82' lang='lat' dir='ltr'>ampla</span> <span class='ocrx_word' id='word_1_256' title='bbox 1472 2435 1596 2495; x_wconf 75' lang='lat' dir='ltr'>atria,</span> 
     </span>
    </p>
   </div>
  </div>
 </body>
</html>
