1741 2919
272 203 281 226 l

316 147 378 206 46
516 125 1364 190 'L.ANNAE18ENECAE

316 252 476 302 iniuria
506 268 752 314 corporum
779 251 824 297 in
851 251 940 297 hoc
970 253 1200 313 perduxit,
1233 251 1340 299 alios
1363 251 1521 311 labor,
1553 263 1598 299 et

315 327 523 374 continua
548 325 802 388 pervigilia,
837 325 1078 387 noffesque
1110 325 1333 381 felicitae,
1363 341 1407 372 et
1430 326 1597 373 deside·

313 402 404 457 ria,
426 416 714 462 amoresque:
734 411 776 444 et
805 399 1026 461 quidquid
1058 401 1171 445 aliud
1197 415 1269 445 aut
1302 401 1482 462 corpori
1515 419 1598 448 no-

316 475 406 521 cuit
435 486 508 520 aut
534 474 714 530 animo,
749 490 921 536 aegram
951 486 1141 519 mentem
1169 475 1214 519 in
1245 475 1438 536 querelas
1463 489 1599 536 parat.

313 548 398 595 Sed
419 547 495 593 ista
515 547 667 593 omnia
700 547 822 592 initia
851 548 1090 611 causaeque
1120 548 1242 602 sunt,
1275 547 1599 611 plurimumque

314 621 459 685 potest
484 619 786 678 consuetudo,
814 637 954 683 quae,
978 622 1007 666 si
1030 622 1173 683 gravis
1199 622 1260 668 est
1277 658 1289 680 ,
1318 622 1392 667 alit
1423 623 1600 671 vitium.

314 697 528 741 Naturam
550 694 726 757 quidem
744 707 937 751 mutare,
956 694 1133 741 difficile
1151 694 1211 741 est
1228 713 1237 741 :
1256 711 1337 741 nec
1351 694 1453 741 licet
1467 695 1599 742 semel

317 768 451 814 mixta
488 767 754 813 nascentium
789 767 1001 813 elementa
1023 780 1295 814 convertere.
1324 769 1407 814 Sed
1433 769 1478 814 in
1510 769 1598 817 hoe

315 842 437 889 nofle
458 840 629 905 profuit
642 877 654 897 ‚
676 853 723 887 ut
737 841 976 889 calentibus
990 841 1408 904 ingeniissubtrahas
1428 842 1601 900 vinum,

314 918 437 980 quod
459 917 607 979 pueris
639 916 761 961 Plato
795 916 1043 979 negandum
1071 927 1219 978 putat,
1251 928 1294 961 et
1320 917 1462 980 ignem
1482 930 1602 965 vetat

314 991 414 1055 igne
445 988 629 1036 incitari.
663 990 758 1034 Nee
791 989 899 1034 cibis
921 988 1100 1051 quidem
1132 987 1343 1049 implendi
1371 989 1494 1046 sunt,
1531 989 1601 1035 di—

315 1064 568 1110 stendentur
587 1061 702 1107 enim
725 1078 941 1123 corpora,
974 1076 1027 1107 et:
1040 1061 1174 1111 animi
1200 1079 1299 1107 cum
1323 1078 1514 1124 corpore
1532 1074 1605 1108 tu-

315 1138 521 1185 mescent.
553 1136 699 1182 Labor
725 1135 823 1182 illos
848 1136 957 1182 citra
983 1134 1275 1181 laffitudinem
1300 1146 1499 1181 exerceat
1522 1153 1532 1181 :
1557 1147 1605 1182 ut

315 1211 536 1258 minuatur
553 1241 567 1263 ‚
590 1225 685 1255 non
704 1221 751 1254 ut
778 1207 1062 1254 consumatur
1084 1208 1232 1262 calor,
1263 1206 1513 1271 nimiusque
1532 1207 1605 1254 ille

317 1285 472 1332 fervor
499 1283 741 1345 despumet.
773 1281 907 1328 Lusus
937 1298 1117 1345 quoque
1144 1282 1397 1344 proderunt.
1429 1282 1604 1329 modica

316 1358 436 1405 enim
465 1356 672 1419 voluptas
696 1357 808 1402 laxat
832 1355 1006 1401 animos
1025 1391 1039 1413 ‚
1058 1367 1100 1401 et
1121 1367 1346 1417 temperat.
1366 1354 1607 1402 Humidio-

318 1432 436 1478 ribus
450 1465 463 1485 ‚
482 1429 738 1478 siccioribus
757 1440 799 1475 et
816 1427 984 1491 frigidis
1003 1445 1094 1473 non
1112 1427 1173 1474 est
1188 1429 1241 1474 ab
1259 1428 1320 1473 ira
1339 1427 1603 1490 periculum:

318 1505 389 1552 sed
411 1505 580 1551 maiora
601 1502 708 1550 vitia
736 1501 969 1548 metuenda
992 1501 1114 1557 sunt,
1142 1517 1285 1564 pavor
1299 1532 1315 1557 ‚
1343 1500 1569 1547 difficultas
1590 1531 1606 1556 ,

318 1591 361 1625 et
383 1576 653 1639 desperatio,
681 1587 724 1621 et
747 1573 1028 1637 suspiciones.

383 1651 517 1698 XXI.
539 1650 807 1697 Mollienda
797 1663 970 1712 1taque
989 1630 1275 1730 fovendaque
1292 1645 1419 1694 talia
1408 1645 1606 1710 mgenia,

319 1737 363 1773 et
387 1726 432 1771 in
462 1724 668 1771 laetitiam
702 1724 930 1770 evocanda
964 1724 1073 1770 sunt.
1113 1724 1167 1769 Et
1200 1722 1303 1784 quia
1328 1722 1418 1768 aliis
1451 1733 1606 1769 contra

319 1799 457 1857 iram,
489 1797 582 1844 aliis
611 1811 764 1843 contra
799 1795 1013 1842 tristitiam
1037 1794 1240 1841 remediis
1268 1794 1480 1840 utendum
1513 1792 1574 1838 est
1591 1827 1607 1848 ,

319 1889 401 1918 nec
429 1868 702 1917 diffimilibus
728 1860 896 1915 'tantum
922 1868 1025 1926 ista,
1055 1867 1126 1913 sed
1157 1866 1386 1913 contrariis
1417 1865 1608 1913 curanda

321 1945 442 2002 sunt,
466 1945 637 2007 semper
655 1942 695 1989 ei
715 1958 999 1988 occurremus
1015 1977 1028 1999 ‚
1054 1941 1178 2005 qued
1205 1939 1453 1987 increverit.
1471 1937 1607 1984 Pluri-

322 2036 443 2066 mum
461 2053 474 2075 ,
496 2018 678 2078 inquam
698 2050 712 2072 ,
735 2015 933 2077 proderit
953 2031 1113 2078 pueros
1132 2013 1268 2060 statim
1288 2012 1514 2059 salubriter
1532 2011 1608 2056 in·

323 2091 452 2139 stimi.
486 2089 683 2138 Difficile
712 2101 857 2136 autem
884 2091 1080 2152 regimen
1100 2087 1160 2134 est
1182 2087 1316 2151 :quia
1344 2087 1444 2133 dare
1472 2084 1608 2130 debe-

323 2177 421 2211 mus
439 2179 646 2227 operam,
669 2180 724 2209 ne
744 2176 819 2208 aut
837 2162 946 2208 iram
969 2162 1012 2207 in
1034 2161 1118 2207 illis
1144 2160 1382 2206 nutriamus
1403 2195 1418 2215 ,
1449 2169 1522 2203 aut
1542 2156 1609 2201 in-

323 2238 473 2285 dolem
495 2237 791 2284 retundamus.
819 2236 1034 2300 Diligenti
1062 2234 1371 2282 observatione
1398 2249 1466 2278 res
1491 2229 1608 2276 indi-

324 2322 409 2372 get.
439 2311 690 2373 Utrumque
708 2309 824 2355 enim
851 2320 893 2355 et
918 2309 1041 2372 quod
1064 2307 1362 2354 extollendum
1381 2341 1394 2363 ‚
1424 2318 1468 2351 et
1484 2301 1608 2366 quod

326 2383 662 2445 deprimendum
682 2383 742 2430 est
755 2418 768 2441 ‚
789 2383 998 2429 similibus
1016 2382 1155 2428 alitur.
1175 2380 1298 2427 fiac-ile
1315 2396 1458 2427 autem
1476 2376 1608 2424 etiam

328 2457 620 2504 attendentem
641 2457 795 2503 similia
819 2457 1055 2521 decipiunt.
1087 2454 1254 2504 Crescit
1282 2455 1455 2503 licentia
1483 2451 1610 2517 spiri-
