1741 2919
274 137 366 199 236
508 139 557 211 L.
613 135 910 182 ANNAEI
959 133 1315 182 SENECAE

337 247 416 290 VI.
444 246 593 304 Quare
615 257 764 290 tamen
787 242 918 291 bonis
947 243 1054 291 viris
1076 243 1236 305 patitur
1262 241 1425 306 aliquid
1455 238 1556 287 mali

271 317 398 365 Deus
415 316 535 363 fieri?
555 317 625 362 ille
645 333 756 365 vero
777 334 868 363 non
884 316 1066 380 patitur.
1093 315 1259 362 Omnia
1278 315 1389 362 mala
1407 312 1556 360 abillis

269 391 486 453 removit,
515 391 674 438 scelera
707 403 749 438 et
778 391 965 455 flagitia,
997 406 1041 438 et
1062 389 1353 454 cogitationes
1381 388 1555 450 impro-

268 463 342 510 bas
357 499 370 521 ‚
389 481 432 511 er
451 466 579 512 avida
601 467 779 512 consilia
794 502 808 523 ‚
827 468 877 512 et'
891 467 1115 513 libidinem
1133 481 1332 520 caecam,
1351 477 1393 509 et
1411 462 1555 508 alieno

268 535 576 585 imminentem
612 541 840 586 avaritiam
880 558 890 585 :
927 539 1043 602 ipsos
1078 551 1225 586 tuetur
1258 555 1308 584 ac
1344 535 1555 585 vindicat.

267 609 497 673 Numquid
516 612 604 658 hoc
624 628 802 675 quoque
822 628 844 656 a
864 612 970 658 Deo
989 610 1143 675 aliquis
1163 610 1322 674 exigit,
1340 620 1387 656 ut
1406 609 1556 654 bono-

266 699 365 728 rum
397 685 596 731 virorum
628 685 760 731 etiam
797 686 981 731 sarcinas
1011 685 1186 732 servet?
1217 684 1446 731 remittunt
1474 680 1555 744 ipfi

266 755 380 802 hanc
404 758 508 803 Deo
538 775 688 804 curam
713 776 722 804 ε
744 767 921 805 externa
943 769 1245 804 contemnunt.
1266 755 1553 801 Democritus

267 828 446 876 divitias
467 831 681 893 proiecit,
709 848 822 878 onus
836 831 926 877 illas
945 832 1087 877 bonae
1103 827 1263 873 mentis
1279 826 1552 873 existimans:

268 903 509 964 quidergo
530 904 699 950 miraris
714 940 726 959 ‚
748 905 776 950 si
797 906 841 950 id
861 905 987 950 Deus
1006 903 1128 948 bono
1146 900 1345 947 accidere
1363 899 1524 960 patitur
1540 933 1554 955 ,

265 976 390 1035 quod
413 977 481 1021 vir
509 976 653 1023 bonus
674 977 908 1039 aliquando
939 975 1032 1023 vult
1061 974 1137 1020 fibi
1162 972 1393 1020 accidere?
1423 968 1554 1018 Filios

263 1046 471 1093 amittunt
502 1048 587 1093 viri
618 1049 740 1094 boni.
776 1050 885 1113 quid
916 1048 986 1103 ni,
1009 1065 1109 1094 cum
1140 1045 1374 1109 aliquando
1401 1056 1444 1091 et
1475 1042 1554 1106 ipsi

266 1119 508 1166 occidant?
542 1124 589 1168 In
622 1122 814 1169 exsilium
852 1122 1096 1168 mittuntur.
1127 1121 1312 1185 quidni,
1345 1136 1444 1166 cum
1475 1117 1555 1164 ali-

262 1194 447 1253 quando
468 1195 543 1256 ipsi
565 1197 744 1257 patriam
762 1212 853 1241 non
877 1196 1103 1258 repetituri
1129 1195 1397 1257 relinquant?
1417 1192 1551 1239 Occi-

267 1267 443 1313 duntur.
473 1269 651 1332 quidni,
679 1286 778 1314 cum
804 1269 1042 1331 aliquando
1067 1268 1145 1331 ipfi
1173 1267 1248 1313 fibi
1270 1283 1422 1314 manus
1448 1265 1555 1312 affe-

265 1339 396 1386 rant?
419 1342 568 1400 Quare
589 1341 803 1403 quaedam
834 1343 942 1388 dura
973 1342 1223 1404 patiuntur?
1251 1352 1297 1386 ut
1324 1340 1432 1387 alios
1463 1340 1553 1402 pati

269 1410 472 1457 doceant.
504 1412 591 1457 nati
620 1413 716 1458 sunt
747 1413 791 1458 in
823 1413 1061 1475 exemplar.
1094 1415 1199 1458 Puta
1227 1413 1371 1476 itaque
1400 1413 1553 1459 Deum

267 1482 438 1528 dicere:
459 1484 582 1543 Quid
601 1484 793 1541 habetis,
812 1487 937 1549 quod
960 1487 1014 1531 de
1034 1501 1102 1531 me
1121 1485 1244 1549 queri
1265 1484 1430 1547 poffitis
1445 1501 1552 1543 vos,

268 1555 430 1618 quibus
455 1558 567 1603 reeta
591 1558 877 1620 placuerunt?
912 1559 1016 1606 Aliis
1035 1559 1152 1605 bona
1178 1558 1277 1604 falsa
1305 1557 1553 1605 circumde-

271 1627 340 1685 di,
367 1641 409 1675 et
440 1630 612 1678 animos
632 1632 780 1680 inanes
805 1633 928 1681 velut
949 1634 1088 1697 longo
1119 1632 1347 1696 fallacique
1376 1632 1553 1680 somnio

268 1701 358 1747 lufi.
387 1717 498 1749 auro
518 1704 616 1751 illos
629 1740 642 1762 ,
662 1721 844 1768 argento
863 1720 907 1753 et
927 1707 1064 1753 ebore
1084 1706 1242 1753 ornavi
1263 1724 1273 1752 :
1303 1707 1418 1753 intus
1445 1707 1553 1754 boni

269 1777 376 1823 nihil
404 1777 476 1824 est.
501 1778 571 1825 isti
585 1816 598 1835 ‚
618 1797 731 1843 quos
749 1798 832 1844 pro
851 1781 1052 1828 felicibus
1072 1782 1258 1845 aspicitis
1271 1817 1283 1839 ‚
1303 1780 1334 1828 fi
1359 1798 1449 1828 non
1469 1798 1553 1845 qua

269 1864 514 1897 occurrunt
534 1887 547 1907 ‚
581 1851 654 1899 sed
682 1870 768 1915 qua
794 1853 958 1911 latent,
995 1854 1194 1901 videritis
1213 1888 1227 1910 ‚
1252 1853 1396 1900 miseri
1428 1853 1554 1910 sunt,

270 1921 464 1980 sordidi,
495 1935 670 1987 turpes,
700 1925 754 1970 ad
774 1924 1101 1972 similitudinem
1127 1926 1341 1989 parietum
1373 1924 1551 1971 suorum

270 1996 534 2044 extrinsecus
554 1998 671 2044 culti.
700 1998 807 2045 Non
832 1997 893 2045 est
914 1998 989 2044 ista
1015 1998 1149 2045 solida
1171 2011 1215 2045 et
1236 1998 1397 2044 fincera
1413 1996 1552 2044 felici—

270 2082 362 2116 tas:
387 2070 525 2117 crusta
545 2070 623 2126 est,
641 2083 683 2117 et
704 2072 880 2134 quidem
893 2073 1050 2120 tenuis.
1068 2075 1216 2135 ltaque
1234 2072 1336 2118 dum
1349 2070 1434 2116 illis
1451 2069 1552 2116 licet

271 2142 378 2189 stare
396 2178 410 2200 ,
440 2157 482 2191 et
502 2146 556 2191 ad
576 2145 949 2198 arbitrium‚suum
972 2145 1169 2203 ostendi,
1188 2145 1327 2209 nitent
1342 2155 1385 2191 et
1403 2144 1553 2207 impo-

271 2231 406 2264 nunt:
429 2215 530 2265 cum
551 2219 715 2282 aliquid
731 2217 906 2275 incidit,
926 2219 1051 2282 quod
1067 2217 1276 2264 disturbet
1295 2234 1344 2265 ac
1358 2217 1554 2280 detegat,

205 2330 208 2334 .
270 2300 377 2335 tunc
410 2303 592 2352 apparet
610 2301 824 2353 quantum
851 2291 959 2335 altae
976 2306 1028 2336 ac
1048 2306 1177 2337 verae
1203 2288 1424 2336 foeditatis
1445 2288 1554 2336 alie-

272 2377 352 2408 nua
386 2362 591 2423 splendor
621 2362 913 2409 absconderit.
945 2360 1086 2408 Vobis
1117 2360 1220 2408 dedi
1252 2361 1370 2407 bona
1402 2373 1518 2408 certa
1537 2394 1552 2419 ,

247 2475 250 2477 ,
271 2434 471 2481 manhu-a
492 2447 507 2480 ε’
529 2447 696 2498 quanto
718 2434 857 2499 magis
874 2433 1152 2486 versaveritis
1163 2468 1178 2495 ,
1196 2445 1240 2482 et
1258 2433 1453 2497 undique
1482 2431 1553 2484 ine
