1741 2919
329 160 377 205 L.
406 158 547 204 ANN.
574 156 851 204 SENECAE.
877 156 963 203 DE
993 158 1095 204 IRA
1121 157 1169 205 L.
1189 159 1240 204 11.
1363 171 1427 221 29

191 263 382 318 aestimatio
393 264 454 318 sui
469 279 479 303 .·
495 278 581 316 quae
596 263 784 301 iracundos
808 262 843 300 ἃ
866 263 1025 301 vindices
1040 263 1148 316 fizcit.
1172 264 1260 302 Pati
1272 265 1422 318 potius,

189 339 251 366 aut
267 327 497 378 dffmulare:
519 326 553 363 δ’
574 343 597 364 a
611 325 720 379 foedo
741 325 859 378 tffcslu
881 327 1066 379 abstinere,
1091 326 1192 364 cuius
1217 327 1422 379 defoamitas

189 390 228 428 in
244 391 362 429 animo
377 405 418 428 ac
429 388 531 428 vultu
546 387 710 442 exprqffiz.
726 388 830 427 Haec
851 390 958 428 utilia
969 419 981 438 ,
997 389 1181 443 legantur,
1197 390 1420 431 imbibamun

134 563 166 608 1.
186 494 423 610 PRIM
438 573 506 606 US
532 559 667 614 liber,
693 561 873 606 Novate
893 596 906 619 ,
937 561 1242 626 benigniorem
1272 562 1425 610 babuit

135 634 375 681 materiam.
397 633 532 680 facilis
551 635 667 680 enim
692 634 737 680 in
756 635 958 697 procliva
983 636 1196 683 vitiorum
1219 637 1427 685 decursus

134 708 209 756 est.
229 725 344 755 nunc
357 708 409 753 ad
426 707 606 754 exiliora
620 707 891 755 veniendum
912 707 986 755 est.
1000 710 1265 769 Quaerimus
1286 710 1428 768 enim,

135 795 282 827 utrum
303 780 366 826 ira
385 780 552 827 iudicio
568 816 580 837 ,
601 798 655 826 an
676 781 842 843 impetu
863 780 1044 843 incipiat
1066 800 1076 828 ε
1098 782 1143 828 id
1165 782 1225 828 est
1239 819 1252 840 ,
1275 796 1426 830 utrum

134 852 205 899 sua
223 851 378 915 sponte
404 866 664 910 moveatur,
694 869 749 898 an
781 854 1158 915 quemadmodum
1188 855 1426 918 pleraque,

134 941 249 989 quae
274 926 387 972 intra
417 942 497 972 nos
521 925 663 972 insciis
697 926 824 973 nobis
853 926 1074 973 oriuntur.
1102 928 1249 974 Debet
1281 941 1428 976 autem

134 999 180 1046 in
202 1001 307 1046 baec
327 1000 369 1046 se
388 999 620 1046 demittere
641 998 904 1062 disputatio,
926 1014 974 1046 ut
993 1000 1046 1046 ad
1072 999 1140 1046 illa
1161 1017 1341 1064 quoque
1362 1002 1428 1050 al·-

136 1072 250 1120 tiora
271 1073 401 1135 poflit
422 1073 669 1137 exsurgere.
683 1074 800 1119 Nam
821 1086 861 1119 et
882 1073 928 1118 in
942 1089 1134 1135 corpore
1154 1072 1298 1120 nostra
1318 1074 1427 1133 offa,

135 1145 350 1208 nervique
376 1156 419 1191 et
451 1145 647 1203 articuli,
674 1144 947 1191 firmamenta
972 1145 1108 1191 totius
1126 1181 1138 1202 ,
1171 1157 1213 1193 et
1242 1145 1388 1193 vitalia
1407 1179 1425 1203 ,

134 1214 318 1262 minime
335 1215 524 1277 speciosa
541 1215 659 1273 visu,
678 1217 800 1279 prius
818 1216 1100 1263 ordinantur:
1119 1216 1278 1263 deinde
1297 1217 1426 1276 haec,

133 1306 191 1337 ex
222 1290 380 1353 quibus
404 1291 550 1336 omnis
578 1290 622 1336 in
651 1290 806 1337 faciem
832 1290 1138 1353 aspectumque
1167 1291 1303 1337 decor
1331 1292 1422 1340 est:

135 1360 234 1426 post
265 1362 371 1409 haec
396 1363 576 1418 omnia,
603 1363 680 1426 qui
712 1362 904 1408 maxime
934 1362 1092 1408 oculos
1121 1362 1232 1424 rapit
1264 1364 1426 1423 color,

133 1434 313 1482 ultimus
341 1433 539 1496 perfecto
564 1434 650 1480 iam
681 1450 873 1496 corpore
898 1434 1150 1482 affunditur.
1185 1437 1296 1484 Iram
1317 1437 1427 1500 quin

135 1507 299 1571 species
322 1507 466 1554 oblata
485 1507 666 1554 iniuriae
687 1520 895 1565 moveat,
918 1525 1008 1555 non
1039 1507 1099 1554 est
1121 1509 1330 1557 dubium:
1352 1511 1426 1559 scd

135 1593 289 1629 utrum
315 1581 504 1644 speciem
535 1582 671 1646 ipsam
699 1582 838 1628 statim
860 1583 1092 1646 sequatur,
1117 1594 1160 1629 et
1183 1600 1275 1630 non
1299 1601 1426 1633 acce·

135 1654 268 1702 dente
286 1655 438 1701 animo
457 1667 681 1712 excurrat,
703 1672 759 1700 an
785 1654 861 1701 illo
884 1655 1135 1702 assentiente
1161 1672 1427 1718 moveatur,

136 1727 399 1793 quaerimus.
417 1728 559 1775 Nobis
574 1729 716 1791 placet
728 1764 741 1786 ,
761 1729 822 1775 nil
840 1729 975 1792 ipsam
998 1747 1076 1792 per
1094 1731 1135 1778 se
1151 1732 1333 1791 audere,
1352 1734 1425 1780 sed

135 1800 288 1847 animo
309 1800 596 1864 approbante.
617 1803 732 1847 Nam
752 1801 938 1864 speciem
960 1819 1114 1865 capere
1133 1820 1337 1867 acceptae
1356 1806 1426 1852 in-

133 1873 297 1933 iuriae,
323 1889 367 1922 et
397 1873 610 1921 ultionem
637 1874 729 1921 eius
755 1875 1091 1937 concupiscere,
1123 1889 1167 1923 et
1186 1893 1427 1941 utrumque

133 1946 408 2010 coniungere
421 1982 435 2005 ,
454 1963 535 1993 nec
558 1947 672 1994 laedi
690 1946 732 1994 se
751 1947 942 1996 debuisse
957 1985 970 2007 ,
990 1962 1032 1996 et
1051 1951 1266 1997 vindicari
1285 1953 1427 2000 debe-

135 2035 212 2076 re,
247 2036 339 2066 non
367 2019 428 2066 est
449 2019 542 2066 eius
561 2019 782 2082 impetus,
813 2021 889 2084 qui
915 2021 1001 2068 fine
1030 2023 1258 2071 voluntate
1277 2025 1424 2074 nostra

133 2092 393 2141 concitatur.
415 2093 490 2142 Ille
509 2094 690 2158 simplex
710 2097 798 2143 est:
821 2096 890 2143 hic
911 2099 1184 2161 compositus
1204 2136 1217 2156 ,
1237 2114 1280 2145 et
1300 2101 1425 2163 plura

121 2163 378 2213 continens.
403 2165 620 2213 Intellexit
645 2167 841 2231 aliquid,
866 2170 1114 2232 indignatus
1138 2170 1220 2228 est,
1241 2172 1425 2220 damna-

135 2237 225 2292 vit,
240 2237 473 2285 ulciscitur.
493 2238 599 2286 haec
618 2255 708 2285 non
728 2240 908 2301 poss'unt
926 2240 1047 2297 fieri,
1067 2240 1143 2287 nifi
1158 2243 1326 2290 animus
1344 2243 1424 2305 eis,

134 2309 293 2374 quibus
315 2310 571 2374 tangebatur
585 2348 598 2370 ,
618 2310 806 2359 assensus
826 2313 900 2360 est.

203 2381 254 2427 11.
285 2382 513 2441 Quorsus,
542 2384 716 2448 inquis,
742 2385 849 2432 haec
877 2387 1073 2449 quaestio
1103 2389 1326 2451 pertinet?
1357 2394 1421 2440 Ut

134 2455 347 2514 sciamus,
374 2458 481 2525 quid
509 2459 559 2508 su
578 2459 653 2510 ira.
674 2461 790 2511 Nam
811 2461 850 2508 vfi
875 2463 1027 2513 invitis
1051 2465 1182 2513 nobis
1203 2466 1423 2529 nascitur,
