1741 2919
287 153 741 201 CONSOLATIO
779 154 872 200 AD
908 154 1250 202 MARCIAM.
1319 171 1406 202 201

124 261 209 309 mis
233 261 426 309 motibus
449 262 651 309 fortunae
670 262 939 325 populorum
960 263 1235 326 dependent,
1258 276 1301 309 et
1320 280 1413 310 ma-

125 336 241 381 xima
268 351 317 382 ac
344 335 524 381 minima
543 335 723 398 perinde
756 336 1033 395 formantur,
1060 350 1194 399 prout
1224 354 1414 400 aequum

125 410 386 474 iniquumve
415 409 528 457 fidus
553 410 745 457 inceffit.¹
763 412 993 458 Miraberis
1025 412 1206 459 collecta
1238 411 1412 468 nubila,

126 493 169 527 et
187 481 389 529 cadentes
406 499 537 546 aquas
549 517 562 539 ‚
579 494 621 528 et
636 482 815 544 obliqua
835 482 1015 528 fuhnina
1029 518 1042 539 ‚
1061 497 1104 529 et
1125 482 1240 529 coeli
1257 481 1412 545 frago-

124 569 234 600 rem.
267 554 382 600 Cum
404 554 574 601 satiatos
592 553 835 616 spectaculo
862 553 1150 617 {ispe-morum
1179 554 1225 600 in
1248 566 1411 600 terram

126 627 284 674 oculos
308 628 516 675 deieceris
530 661 544 684 ‚
569 628 759 690 excipiet
779 642 819 674 te
838 628 918 674 alia
946 628 1123 676 fortuna
1140 646 1282 675 rerum
1299 665 1313 686 ‚
1335 629 1414 675 ali-

125 711 281 763 terque
303 700 522 748 mirabilis.
549 701 664 748 Hinc
682 718 941 763 camporum
959 702 1005 749 in
1021 702 1240 749 infinitum
1260 714 1416 764 paten-

126 772 238 819 tium
267 771 359 820 fusa
387 774 615 836 planities;
644 775 747 821 hinc
777 775 999 821 montium
1031 775 1196 838 magnis
1223 791 1264 821 et
1291 774 1420 821 niva-

128 843 239 892 libus
259 845 524 908 surgentium
545 847 657 910 iugis
674 848 804 895 erecti
826 847 872 893 in
891 846 1074 893 sublime
1096 848 1285 895 vertices
1303 866 1314 895 :
1338 848 1419 896 de-

128 917 262 965 iectus
291 919 550 977 fluminum,
578 932 621 967 et
647 938 703 967 ex
733 937 825 968 uno
854 920 979 967 fonte
1001 920 1046 966 in
1069 920 1299 968 Orientem
1320 924 1419 969 Oc-

129 992 437 1057 cidentemque
466 991 603 1040 defusi
630 1009 810 1048 amnes;
839 1005 882 1039 et
908 992 1088 1039 summis
1118 994 1418 1040 cacuminibus

129 1080 313 1110 nemora
339 1066 548 1124 nutantia,
569 1078 613 1114 et
641 1080 809 1114 tantum
844 1067 1048 1114 silvarum
1078 1083 1178 1113 cum
1213 1066 1297 1113 suis
1328 1067 1422 1113 ani-

131 1137 337 1194 malibus,
360 1139 598 1204 aviumque
619 1153 835 1188 concentu
873 1139 1060 1186 dissono.
1094 1140 1217 1186 Varii
1244 1139 1420 1187 urbium

132 1209 233 1258 fitus
248 1248 262 1270 ,
287 1224 331 1259 et
356 1212 538 1259 seclusae
567 1212 762 1260 nationes
782 1212 990 1258 locorum
1010 1212 1278 1259 difficultate.
1307 1230 1420 1275 qua-

133 1301 231 1331 rum
246 1285 350 1332 aliae
369 1287 410 1332 se
428 1286 474 1332 in
492 1286 662 1334 ere&os
679 1286 932 1333 subtrahunt
950 1297 1148 1343 montes,
1165 1286 1273 1333 aliae
1293 1286 1423 1348 ripis,

135 1358 233 1406 lacu
245 1395 260 1417 ,
274 1359 458 1407 vallibus
474 1396 487 1417 ,
505 1360 661 1422 palude
679 1359 1120 1406 circumfunduntur:
1138 1360 1283 1406 adiuta
1303 1361 1423 1408 cuitu

136 1430 280 1494 seges,
300 1444 342 1477 et
358 1431 526 1479 arbusta
549 1432 637 1489 sine
663 1431 834 1479 cultore
853 1430 1013 1478 fertilia
1027 1466 1041 1488 ‚
1067 1443 1111 1477 et
1131 1431 1338 1478 rivorum
1359 1432 1423 1479 le-

137 1504 205 1551 nis
228 1505 338 1551 inter
365 1521 486 1568 prata
515 1506 748 1561 discursus,
772 1518 816 1552 et
840 1506 1019 1551 amoeni
1051 1504 1192 1564 sinus,
1222 1517 1266 1552 et
1294 1506 1424 1552 litora

137 1581 183 1628 in
203 1591 382 1643 portum
401 1581 648 1628 recedentia
667 1616 680 1636 ,
701 1581 862 1644 sparsae
881 1592 950 1626 tot
968 1596 1046 1642 per
1061 1579 1232 1626 vastum
1250 1580 1425 1638 insulae,

139 1673 253 1719 quae
284 1655 535 1704 interventu
568 1656 645 1702 suo
677 1655 812 1702 maria
841 1654 1120 1720 distinguunt.
1159 1656 1283 1717 Quid
1314 1656 1426 1719 lapi-

140 1730 247 1776 dum
272 1746 632 1792 gemmarumque
653 1728 821 1792 fulgor,
840 1743 883 1775 et
909 1729 1024 1776 inter
1044 1729 1303 1792 rapidorum
1323 1747 1425 1777 cur-

140 1805 234 1852 sum
254 1804 517 1851 torrentium
545 1821 699 1851 aurum
720 1805 862 1851 arenis
887 1803 1145 1851 interfluens
1160 1840 1172 1862 ,
1195 1816 1238 1850 et
1266 1804 1311 1851 in
1329 1822 1424 1851 me-

141 1876 227 1925 diis
259 1876 414 1932 terris,
449 1877 687 1941 medioque
721 1877 862 1923 rursus
890 1876 997 1923 mari
1034 1877 1220 1923 nitentes
1256 1877 1427 1941 ignium

144 1950 261 1998 faces
277 1986 289 2007 ‚
314 1962 357 1997 et
381 1949 609 1997 vinculum
636 1963 849 1998 terrarum
872 1952 1102 2009 Oceanus,
1132 1951 1428 1999 continuatio-

143 2041 245 2072 nem
265 2023 461 2087 gentium
479 2023 639 2086 triplici
659 2024 751 2069 sinu
772 2024 990 2082 scindens,
1009 2035 1052 2070 et
1068 2023 1233 2086 ingenti
1253 2024 1427 2072 licentia

142 2096 425 2144 exaestuans?
448 2096 633 2143 Videbis
649 2096 715 2143 his
731 2095 958 2160 inquietis,
982 2110 1026 2146 et
1049 2098 1136 2145 sine
1154 2110 1290 2146 vento
1314 2099 1426 2147 fluc-

144 2172 365 2219 tuantibus
391 2170 513 2235 aquis
540 2170 721 2218 immani
750 2186 791 2217 et
821 2171 1049 2218 excedenti
1075 2170 1289 2218 terrestria
1306 2190 1429 2239 mag-

145 2245 342 2294 nitudine
364 2245 564 2292 animalia
582 2282 596 2305 ,
616 2244 830 2309 quaedam
859 2246 1006 2308 gravia
1033 2258 1076 2292 et
1101 2245 1245 2291 alieno
1272 2246 1312 2292 se
1333 2264 1429 2293 ma-

147 2319 322 2384 gisterio
340 2320 565 2366 moventia
580 2356 593 2377 ‚
616 2320 826 2383 quaedam
853 2320 1028 2366 velocia
1043 2355 1055 2375 ,
1080 2319 1310 2366 concitatis
1332 2338 1429 2382 per-

148 2392 318 2439 niciora
339 2392 555 2455 remigiis,
579 2392 792 2455 quaedam
815 2391 1053 2436 haurientia
1076 2392 1228 2448 undas,
1244 2404 1286 2437 et
1303 2409 1428 2455 mag-

148 2481 209 2512 no
245 2465 650 2529 praenavigantium
683 2464 877 2528 periculo
910 2464 1112 2513 efflantia.
1146 2466 1327 2514 Videbis
1356 2467 1428 2514 hic
