1741 2919
471 152 575 199 DE
624 153 754 199 IRA
807 154 944 200 ΜΒ.
996 155 1096 201 111.
1373 176 1437 222 79

147 275 280 307 nemo
300 258 506 308 sentiret?
526 259 711 308 sensisset
728 271 872 306 autem
888 297 901 316 ,
934 261 1008 306 nifi
1029 262 1093 307 ius,
1111 261 1263 309 amicis
1283 264 1436 310 obiur-

147 334 277 399 gandi
297 334 338 382 se
362 336 569 394 dedisset,
599 336 705 382 ficut
730 335 820 398 ipse
852 334 929 380 fibi
954 336 1000 381 in
1022 336 1189 384 amicos
1216 336 1438 388 sumserat.

147 410 329 469 Quanto
356 410 493 473 magis
528 411 616 456 hoc
645 409 775 456 nobis
805 408 1062 456 faciendum
1102 409 1194 456 est?
1230 429 1439 475 rogemus

147 481 450 528 amiciffimum
465 498 690 545 quemque
703 518 716 540 ‚
735 495 781 527 ut
796 498 900 527 tunc
922 482 1112 527 maxime
1134 483 1337 531 adversus
1357 502 1442 534 nos

146 555 343 605 libertate
363 572 536 618 utatur,
557 576 657 606 cum
690 558 872 605 minime
901 558 1016 604 illam
1049 559 1137 622 pati
1163 561 1405 622 poterimus
1426 581 1438 610 :

147 646 229 676 nec
253 630 498 678 assentiatur
526 632 615 678 irae
642 631 828 678 nostrae.
861 631 1031 676 Contra
1061 646 1218 694 potens
1247 635 1407 680 maium
1425 671 1440 694 ,

147 714 191 749 et
209 704 326 766 apud
346 721 426 752 nos
446 706 708 768 gratiosum,
729 705 837 752 dum
861 704 1161 768 conspicimus
1175 743 1191 764 ,
1220 708 1325 755 dum
1353 726 1439 756 no·-

146 774 218 822 stri
236 775 410 835 sumus,
435 779 720 826 advocemus.

212 851 335 900 XIV.
366 852 458 912 Qui
488 853 642 900 vinum
673 853 786 899 maie
816 852 995 910 ferunt,
1027 865 1072 899 et
1097 853 1315 901 ebrietatis
1341 855 1440 903 suae

145 926 433 973 temeritatem
455 943 505 973 ac
533 926 812 988 petulantiam
845 940 1070 984 metuunt,
1092 928 1300 974 mandant
1329 929 1441 986 suis,

143 1008 192 1043 ut
210 1013 234 1043 e
253 998 473 1046 convivio
493 999 755 1047 auferantur„
783 1001 1171 1063 Intemperantiam
1199 1001 1244 1048 in
1274 1005 1439 1051 morbo

193 1087 264 1118 am
291 1072 461 1134 experti
483 1108 496 1130 ‚
524 1090 675 1135 parere
696 1073 773 1118 fibi
801 1074 846 1118 in
872 1073 1053 1120 adversa
1079 1072 1332 1123 valetudine
1357 1094 1438 1124 ve-

140 1156 247 1193 tant.
265 1147 501 1210 Optimum
520 1147 580 1194 est
600 1184 613 1205 ‚
645 1147 760 1194 notis
778 1146 895 1195 vitiis
924 1147 1240 1210 impedimenta
1268 1150 1440 1212 prospi—

139 1235 267 1278 cere,
283 1233 326 1266 et
343 1233 441 1267 ante
459 1236 609 1267 omma
629 1234 688 1267 1ta
702 1236 976 1283 componere
997 1236 1216 1279 animum,
1233 1234 1281 1267 ut
1301 1223 1436 1269 etiam

140 1292 406 1355 graviffimis
431 1293 558 1340 rebus
585 1291 824 1354 subitisque
847 1291 1081 1338 concuffus
1107 1292 1216 1338 iram
1242 1306 1315 1339 aut
1342 1311 1434 1341 non

138 1363 314 1422 sentiat,
337 1379 410 1412 aut
431 1364 736 1429 magnitudine
757 1364 1007 1426 inopinatae
1029 1362 1212 1409 iniuriae
1230 1377 1433 1411 exortam

137 1435 184 1482 in
202 1437 337 1484 altum
364 1437 579 1495 retrahat,
600 1454 681 1484 nec
708 1436 908 1483 dolorem
936 1437 1061 1483 suum
1086 1437 1359 1499 profiteatur.
1384 1440 1432 1487 td

137 1508 236 1557 fieri
253 1511 377 1575 posse
395 1511 641 1575 apparebit,
660 1509 689 1556 fi
709 1522 846 1572 pauca
867 1528 922 1559 ex
942 1509 1107 1573 ingenti
1129 1512 1254 1558 turba
1275 1530 1433 1560 exem·-

137 1584 208 1648 pla
236 1586 474 1649 *protulero
499 1605 511 1633 :
541 1603 596 1633 ex
629 1585 791 1649 quibus
830 1601 1067 1648 utrumque
1097 1585 1261 1632 discere
1298 1587 1398 1634 licet
1416 1621 1432 1644 ,

134 1671 349 1722 quantum
375 1660 478 1706 mali
504 1660 659 1706 habeat
689 1658 779 1716 ira,
802 1658 878 1704 ubi
906 1658 1140 1705 hominum
1163 1674 1432 1722 p1·aepoten-

136 1746 231 1781 tum
264 1734 475 1796 potestate
508 1746 602 1781 tota
634 1732 772 1779 utitur
804 1751 814 1778 :
852 1747 1066 1795 quantum
1097 1733 1175 1779 fibi
1210 1733 1430 1796 imperare

135 1808 296 1872 poffit‚
325 1808 400 1856 ubi
431 1819 551 1855 metu
586 1808 755 1855 maiore
787 1806 1031 1869 compressa
1063 1806 1137 1853 est.
1173 1807 1429 1871 Cambysen

134 1899 284 1946 regem
311 1882 442 1930 nimis
468 1883 669 1930 deditum
694 1883 805 1929 vino
840 1881 1096 1943 Praexaspes
1123 1897 1238 1927 unus
1264 1898 1318 1927 ex
1353 1898 1426 1927 ca-

132 1957 305 2004 riffimis
336 1957 549 2019 monebat
565 1991 580 2013 ‚
606 1973 654 2005 ut
681 1957 854 2020 parcius
883 1956 1055 2004 biberet
1077 1973 1088 2001 z
1117 1955 1319 2017 Turpem
1339 1954 1425 2002 effe

129 2031 282 2080 dicens
299 2033 554 2079 ebrietatem
574 2033 619 2078 in
631 2048 754 2097 rege,
774 2048 907 2094 quem
930 2030 1047 2077 oculi
1068 2030 1268 2076 omnium
1283 2047 1430 2077 aures-

81 2100 86 2107 ’
132 2119 220 2166 que
237 2102 530 2168 sequerentur.
553 2107 623 2153 Ad
642 2106 729 2153 hoc
744 2105 837 2160 ille,
856 2106 920 2151 Ut
939 2103 1066 2160 scias,
1085 2103 1228 2166 inquit
1242 2140 1254 2161 ,
1270 2121 1425 2167 quem-

133 2175 375 2223 admodum
400 2195 625 2241 nunquam
646 2177 848 2224 excidam
869 2177 1003 2230 mihi,
1027 2175 1288 2239 approbabo
1308 2177 1393 2222 iam
1409 2208 1424 2235 ‚

133 2261 178 2296 et
201 2252 359 2299 oculos
378 2251 477 2315 post
498 2252 652 2301 vinum
679 2252 726 2299 in
745 2252 899 2298 officio
921 2251 1006 2298 effe
1021 2288 1033 2309 ‚
1056 2265 1099 2297 et
1123 2267 1290 2296 manus.
1308 2251 1424 2298 Bibit

132 2323 292 2372 deinde
311 2326 526 2373 liberalius
542 2344 673 2391 quam
693 2326 794 2374 alias
807 2359 820 2382 ‚
841 2325 1143 2386 capacioribus
1157 2323 1363 2387 scyphis:
1380 2335 1424 2372 et

131 2396 218 2443 iam
251 2400 427 2462 gravis,
454 2412 497 2446 et
528 2400 793 2446 temulentus
812 2435 826 2457 ,
857 2398 1157 2461 obiurgatoris
1189 2398 1251 2444 sui
1282 2396 1423 2444 filium

130 2473 375 2535 procedere
392 2474 501 2520 ultra
523 2474 657 2522 limen
680 2473 829 2530 iubet,
856 2473 1126 2537 allevataque
1147 2472 1275 2536 super
1295 2481 1426 2536 caput

1090 2660 1242 2690 Trimssflssi
