1741 2919
315 159 847 210 CONSOLATIO
884 158 986 206 AD
1021 158 1245 206 HELV.
1348 174 1432 223 ¹43

139 269 339 319 bilitatur
365 269 634 318 carminibus
666 267 867 314 omnium
885 303 898 324 ‚
924 284 1036 331 quae
1061 267 1102 314 se
1132 283 1217 330 pro
1250 268 1440 333 coniuge

140 343 351 393 vicariam
373 344 510 391 dedit.
542 344 629 389 hoc
651 342 838 404 amplius
856 340 919 387 est
932 376 945 398 ‚
965 340 1217 388 discrimine
1236 342 1352 389 vitae
1372 343 1445 389 se-

141 416 348 479 pulcrum
376 416 482 464 viro
513 429 757 478 quaerere:
788 414 934 460 maior
969 413 1030 460 est
1061 431 1217 470 amor,
1242 415 1316 478 qui
1345 414 1441 478 pari

141 489 344 551 periculo
378 489 523 536 minus
553 488 745 536 redimit.
777 486 881 534 Post
918 487 1007 535 hoc
1042 505 1178 534 nemo
1216 490 1403 536 miratur
1425 521 1442 546 ‚

141 563 267 626 quod
298 580 378 626 per
405 561 596 610 sedecim
626 578 794 617 annos,
821 561 981 639 quibus
1013 562 1196 609 maritus
1229 562 1322 609 eius
1350 564 1444 611 Ae-

141 650 333 699 gyptum
352 633 546 682 obtinuit
564 671 580 692 ‚
598 651 827 699 nunquam
848 635 893 680 in
913 633 1095 697 publico
1115 633 1349 696 conspeCia
1366 634 1446 684 est.

140 708 364 757 neminem
385 708 707 771 provincialem
737 709 923 755 domum
952 708 1073 755 suam
1099 707 1270 755 admisit
1294 725 1305 754 ε
1328 708 1441 756 nihil

140 797 167 828 a
188 782 292 830 viro
310 782 466 846 petiit,
487 782 595 828 nihil
614 799 637 828 a
658 783 699 830 se
719 782 811 845 peti
833 782 950 845 paffa
971 781 1047 828 est.
1068 783 1220 846 Itaque
1239 782 1408 846 loquax
1422 818 1441 842 ,

139 866 184 902 et
200 855 426 919 ingeniosa
442 856 487 903 in
507 857 798 903 contumelias
824 854 1153 920 praefeciorum
1179 857 1440 918 provincia,

139 927 186 975 in
207 945 294 992 qua
315 929 449 977 etiam
470 931 550 993 qui
569 931 827 978 vitaverunt
847 930 1024 993 culpam
1037 965 1051 988 ,
1079 945 1172 976 non
1192 929 1443 994 effugerunt

138 1003 371 1052 infamiam
393 1041 407 1063 ‚
429 1005 553 1053 velut
572 1006 754 1053 unicum
774 1005 1006 1053 sanciitatis
1023 1005 1272 1067 exemplum
1288 1006 1443 1069 suspe-

140 1077 230 1125 xit:
260 1091 304 1126 et
336 1080 459 1144 quod
484 1079 548 1126 illi
575 1079 882 1127 difficillimum
903 1078 992 1135 est,
1020 1079 1091 1126 cui
1111 1079 1241 1124 etiam
1267 1081 1443 1142 pericu-

140 1151 221 1198 lofi
242 1153 349 1200 sales
371 1154 568 1217 placent,
589 1169 771 1200 omnem
800 1153 1047 1200 verborum
1078 1151 1302 1199 licentiam
1323 1169 1442 1200 con-

138 1226 302 1285 tinuit,
333 1242 378 1276 et
402 1227 539 1275 hodie
559 1227 743 1273 fimilem
762 1228 851 1284 illi,
871 1225 1075 1291 quamvis
1096 1242 1321 1289 nunquam
1339 1226 1442 1290 spe-

139 1311 230 1358 ret,
247 1300 421 1363 semper
437 1313 576 1364 optat.
592 1301 782 1348 Multum
803 1315 922 1360 erat,
940 1301 970 1348 fi
990 1317 1066 1364 per
1088 1301 1279 1348 sedecim
1299 1318 1442 1351 annos

137 1370 257 1418 illam
285 1373 523 1436 provincia
544 1374 768 1437 probasset
788 1393 797 1421 :
822 1375 917 1437 plus
938 1374 1024 1432 est,
1053 1375 1175 1437 quod
1199 1375 1441 1438 ignoravit.

142 1446 266 1493 Haec
286 1463 378 1492 non
402 1446 505 1494 ideo
523 1445 674 1495 refero
690 1482 705 1504 ,
732 1461 780 1494 ut
797 1446 892 1493 eius
910 1447 1056 1494 laudes
1073 1447 1311 1511 exsequar,
1332 1464 1441 1510 quas

135 1519 496 1568 circumscribere
524 1520 614 1576 est,
641 1533 897 1583 tam-parce
927 1519 1250 1568 transcurrere:
1283 1520 1357 1567 sed
1386 1534 1437 1569 ut

136 1588 376 1655 intelligas,
395 1592 542 1656 magni
563 1593 698 1639 animi
716 1592 801 1639 esse
820 1592 1030 1638 feminam
1044 1628 1058 1651 ‚
1079 1609 1210 1655 quam
1229 1610 1320 1639 non
1336 1609 1438 1639 am-

135 1662 279 1723 bitio,
300 1681 391 1711 non
418 1665 631 1725 avaritia,
658 1666 848 1714 comites
872 1665 1020 1713 omnis
1037 1666 1261 1728 potentiae
1287 1681 1331 1715 et
1354 1684 1438 1731 pe-

137 1734 243 1795 stes,
263 1735 492 1784 vicerunt:
510 1753 602 1784 non
623 1750 765 1786 metus
782 1738 938 1785 mortis
953 1754 1070 1797 eam,
1092 1754 1312 1786 exarmata
1330 1739 1438 1788 navi

134 1808 416 1874 naufragium
443 1810 566 1858 suum
592 1812 852 1875 speciantem
868 1844 883 1868 ‚
906 1812 1146 1871 deterruit,
1173 1829 1267 1876 quo
1291 1814 1438 1862 minus

135 1884 328 1931 exanimi
356 1883 460 1934 viro
488 1886 698 1945 haerens,
727 1899 986 1950 quaereret,
1014 1904 1105 1934 non
1136 1889 1433 1949 quemadmo—

134 1957 242 2005 dum
270 1957 375 2006 inde
397 1959 565 2017 exiret,
596 1959 668 2007 sed
690 1961 1070 2023 quemadmodum
1098 1961 1286 2010 efferret.
1315 1963 1436 2010 Huic

133 2047 285 2094 parem
306 2031 520 2078 virtutem
539 2033 746 2079 exhibeas
764 2044 970 2095 oportet,
990 2047 1033 2079 et
1052 2033 1252 2081 animum
1272 2051 1295 2080 a
1313 2035 1434 2082 lubin

132 2102 344 2166 recipias,
364 2118 408 2149 et
431 2102 478 2149 id
495 2119 593 2167 agas
608 2139 622 2162 ‚
654 2122 711 2151 ne
735 2106 834 2168 quis
856 2119 899 2151 te
925 2118 1051 2168 putet
1070 2119 1216 2168 partus
1235 2108 1298 2154 tui
1317 2124 1432 2172 poe-

134 2175 287 2223 nitere.
307 2176 518 2224 Ceterum
539 2176 644 2240 quia
662 2176 833 2225 necesse
850 2177 935 2236 est,
954 2195 1060 2226 cum
1078 2180 1232 2226 omnia
1252 2180 1433 2242 feceris,

131 2248 429 2313 cogitationes
462 2261 611 2297 tamen
645 2266 741 2298 tuas
772 2250 954 2298 subinde
979 2251 1034 2298 ad
1064 2267 1137 2297 me
1169 2268 1432 2311 recurrere,

132 2339 218 2369 nec
237 2339 506 2387 quemquam
534 2341 653 2371 nunc
679 2342 734 2371 ex
760 2325 910 2373 liberis
937 2326 1022 2373 tuis
1051 2326 1327 2390 frequentius
1349 2329 1434 2377 tibi

132 2393 390 2442 obversari:
413 2413 506 2443 non
525 2397 629 2460 quia
652 2397 714 2444 illi
736 2398 881 2444 minus
901 2399 990 2445 cari
1011 2398 1116 2458 sint,
1139 2399 1212 2446 sed
1231 2400 1333 2464 quia
1351 2418 1431 2448 na-

130 2468 268 2518 turale
285 2468 346 2517 est
360 2505 373 2529 ,
392 2487 573 2519 manum
593 2471 759 2537 saepius
781 2473 835 2519 ad
862 2473 908 2522 id
927 2471 1092 2523 referre
1109 2474 1236 2539 quod
1255 2475 1433 2524 doleat:
