<?xml version="1.0" encoding="UTF-8"?>
<!DOCTYPE html PUBLIC "-//W3C//DTD XHTML 1.0 Transitional//EN"
    "http://www.w3.org/TR/xhtml1/DTD/xhtml1-transitional.dtd">
<html xmlns="http://www.w3.org/1999/xhtml" xml:lang="en" lang="en">
 <head>
  <title>
</title>
<meta http-equiv="Content-Type" content="text/html;charset=utf-8" />
  <meta name='ocr-system' content='tesseract 3.04.00' />
  <meta name='ocr-capabilities' content='ocr_page ocr_carea ocr_par ocr_line ocrx_word'/>
</head>
<body>
  <div class='ocr_page' id='page_1' title='image "./lannaeisenecaeph01seneuoft_0339.png"; bbox 0 0 1741 2919; ppageno 0'>
   <div class='ocr_carea' id='block_1_1' title="bbox 381 138 1454 198">
    <p class='ocr_par' dir='ltr' id='par_1_1' title="bbox 381 138 1454 198">
     <span class='ocr_line' id='line_1_1' title="bbox 381 138 1454 198; baseline -0.006 -5"><span class='ocrx_word' id='word_1_1' title='bbox 381 145 466 192; x_wconf 68' lang='lat' dir='ltr'>Da</span> <span class='ocrx_word' id='word_1_2' title='bbox 502 142 899 192; x_wconf 66' lang='lat' dir='ltr'>CONSTANTIA</span> <span class='ocrx_word' id='word_1_3' title='bbox 933 138 1249 186; x_wconf 47' lang='lat' dir='ltr'>maistins.</span> <span class='ocrx_word' id='word_1_4' title='bbox 1367 150 1454 198; x_wconf 69' lang='lat'>293</span> 
     </span>
    </p>
   </div>
   <div class='ocr_carea' id='block_1_2' title="bbox 174 241 1474 2138">
    <p class='ocr_par' dir='ltr' id='par_1_2' title="bbox 174 241 1474 2138">
     <span class='ocr_line' id='line_1_2' title="bbox 177 241 1464 317; baseline -0.012 -16"><span class='ocrx_word' id='word_1_5' title='bbox 177 253 373 302; x_wconf 64' lang='lat' dir='ltr'>vindifta</span> <span class='ocrx_word' id='word_1_6' title='bbox 398 265 679 317; x_wconf 86' lang='lat' dir='ltr'>putaverunt.</span> <span class='ocrx_word' id='word_1_7' title='bbox 723 252 854 296; x_wconf 90' lang='lat' dir='ltr'>Hunc</span> <span class='ocrx_word' id='word_1_8' title='bbox 877 247 1078 296; x_wconf 59' lang='lat' dir='ltr'>affeetum</span> <span class='ocrx_word' id='word_1_9' title='bbox 1105 255 1262 293; x_wconf 89' lang='lat' dir='ltr'>movet</span> <span class='ocrx_word' id='word_1_10' title='bbox 1288 241 1464 290; x_wconf 90' lang='lat' dir='ltr'>humili-</span> 
     </span>
     <span class='ocr_line' id='line_1_3' title="bbox 174 314 1463 385; baseline -0.01 -12"><span class='ocrx_word' id='word_1_11' title='bbox 174 342 239 374; x_wconf 85' lang='lat' dir='ltr'>tas</span> <span class='ocrx_word' id='word_1_12' title='bbox 255 327 416 385; x_wconf 86' lang='lat' dir='ltr'>animi,</span> <span class='ocrx_word' id='word_1_13' title='bbox 450 325 745 373; x_wconf 86' lang='lat' dir='ltr'>contrahentis</span> <span class='ocrx_word' id='word_1_14' title='bbox 766 323 832 380; x_wconf 91' lang='lat' dir='ltr'>se,</span> <span class='ocrx_word' id='word_1_15' title='bbox 858 323 920 369; x_wconf 93' lang='lat' dir='ltr'>ob</span> <span class='ocrx_word' id='word_1_16' title='bbox 946 321 1107 368; x_wconf 68' lang='lat' dir='ltr'>factum</span> <span class='ocrx_word' id='word_1_17' title='bbox 1127 319 1381 380; x_wconf 61' lang='lat' dir='ltr'>dictumque</span> <span class='ocrx_word' id='word_1_18' title='bbox 1398 314 1463 360; x_wconf 90' lang='lat' dir='ltr'>in-</span> 
     </span>
     <span class='ocr_line' id='line_1_4' title="bbox 177 386 1460 448; baseline -0.009 -5"><span class='ocrx_word' id='word_1_19' title='bbox 177 397 492 444; x_wconf 81' lang='lat' dir='ltr'>honorificum.</span> <span class='ocrx_word' id='word_1_20' title='bbox 521 397 593 442; x_wconf 84' lang='lat' dir='ltr'>llle</span> <span class='ocrx_word' id='word_1_21' title='bbox 623 412 693 441; x_wconf 91' lang='lat' dir='ltr'>me</span> <span class='ocrx_word' id='word_1_22' title='bbox 724 395 859 441; x_wconf 84' lang='lat' dir='ltr'>hodie</span> <span class='ocrx_word' id='word_1_23' title='bbox 893 409 983 439; x_wconf 87' lang='lat' dir='ltr'>non</span> <span class='ocrx_word' id='word_1_24' title='bbox 1007 391 1203 448; x_wconf 80' lang='lat' dir='ltr'>admisit,</span> <span class='ocrx_word' id='word_1_25' title='bbox 1224 406 1325 436; x_wconf 87' lang='lat' dir='ltr'>cum</span> <span class='ocrx_word' id='word_1_26' title='bbox 1354 386 1460 433; x_wconf 86' lang='lat' dir='ltr'>alios</span> 
     </span>
     <span class='ocr_line' id='line_1_5' title="bbox 176 460 1460 527; baseline -0.005 -13"><span class='ocrx_word' id='word_1_27' title='bbox 176 468 427 516; x_wconf 82' lang='lat' dir='ltr'>admitteret</span> <span class='ocrx_word' id='word_1_28' title='bbox 450 487 460 513; x_wconf 94' lang='lat'><strong>:</strong></span> <span class='ocrx_word' id='word_1_29' title='bbox 484 468 730 515; x_wconf 90' lang='lat' dir='ltr'>sermonem</span> <span class='ocrx_word' id='word_1_30' title='bbox 755 483 903 513; x_wconf 87' lang='lat' dir='ltr'>meum</span> <span class='ocrx_word' id='word_1_31' title='bbox 924 476 996 511; x_wconf 86' lang='lat' dir='ltr'>aut</span> <span class='ocrx_word' id='word_1_32' title='bbox 1025 463 1210 527; x_wconf 79' lang='lat' dir='ltr'><strong>superbe</strong></span> <span class='ocrx_word' id='word_1_33' title='bbox 1240 460 1460 508; x_wconf 87' lang='lat' dir='ltr'>aversatus</span> 
     </span>
     <span class='ocr_line' id='line_1_6' title="bbox 176 530 1459 602; baseline -0.006 -16"><span class='ocrx_word' id='word_1_34' title='bbox 176 539 260 597; x_wconf 89' lang='lat' dir='ltr'>est,</span> <span class='ocrx_word' id='word_1_35' title='bbox 289 552 362 586; x_wconf 89' lang='lat' dir='ltr'>aut</span> <span class='ocrx_word' id='word_1_36' title='bbox 391 541 532 602; x_wconf 86' lang='lat' dir='ltr'>palam</span> <span class='ocrx_word' id='word_1_37' title='bbox 555 536 673 585; x_wconf 80' lang='lat' dir='ltr'>risit:</span> <span class='ocrx_word' id='word_1_38' title='bbox 694 550 735 584; x_wconf 89' lang='lat' dir='ltr'>et</span> <span class='ocrx_word' id='word_1_39' title='bbox 761 554 853 584; x_wconf 88' lang='lat' dir='ltr'>non</span> <span class='ocrx_word' id='word_1_40' title='bbox 880 539 927 584; x_wconf 89' lang='lat' dir='ltr'>in</span> <span class='ocrx_word' id='word_1_41' title='bbox 950 536 1101 582; x_wconf 88' lang='lat' dir='ltr'>medio</span> <span class='ocrx_word' id='word_1_42' title='bbox 1130 552 1201 581; x_wconf 90' lang='lat' dir='ltr'>me</span> <span class='ocrx_word' id='word_1_43' title='bbox 1220 533 1360 587; x_wconf 60' lang='lat' dir='ltr'>lecto,</span> <span class='ocrx_word' id='word_1_44' title='bbox 1385 530 1459 578; x_wconf 87' lang='lat' dir='ltr'>sed</span> 
     </span>
     <span class='ocr_line' id='line_1_7' title="bbox 176 603 1458 674; baseline -0.006 -17"><span class='ocrx_word' id='word_1_45' title='bbox 176 611 271 658; x_wconf 86' lang='lat' dir='ltr'>imo</span> <span class='ocrx_word' id='word_1_46' title='bbox 317 610 555 658; x_wconf 87' lang='lat' dir='ltr'>collocavit</span> <span class='ocrx_word' id='word_1_47' title='bbox 586 627 596 655; x_wconf 93' lang='lat'>:</span> <span class='ocrx_word' id='word_1_48' title='bbox 626 622 686 674; x_wconf 70' lang='lat' dir='ltr'>¹et</span> <span class='ocrx_word' id='word_1_49' title='bbox 727 610 804 656; x_wconf 87' lang='lat' dir='ltr'>alia</span> <span class='ocrx_word' id='word_1_50' title='bbox 842 609 969 655; x_wconf 87' lang='lat' dir='ltr'>huius</span> <span class='ocrx_word' id='word_1_51' title='bbox 1001 622 1143 655; x_wconf 87' lang='lat' dir='ltr'>notae.</span> <span class='ocrx_word' id='word_1_52' title='bbox 1186 607 1314 667; x_wconf 81' lang='lat' dir='ltr'>Quae</span> <span class='ocrx_word' id='word_1_53' title='bbox 1350 603 1458 667; x_wconf 87' lang='lat' dir='ltr'>quid</span> 
     </span>
     <span class='ocr_line' id='line_1_8' title="bbox 178 678 1461 748; baseline -0.006 -15"><span class='ocrx_word' id='word_1_54' title='bbox 178 703 339 734; x_wconf 87' lang='lat' dir='ltr'>vocem</span> <span class='ocrx_word' id='word_1_55' title='bbox 356 721 369 743; x_wconf 95' lang='lat'>,</span> <span class='ocrx_word' id='word_1_56' title='bbox 391 685 467 731; x_wconf 79' lang='lat' dir='ltr'>nisi</span> <span class='ocrx_word' id='word_1_57' title='bbox 488 684 685 748; x_wconf 77' lang='lat' dir='ltr'><strong>querelas</strong></span> <span class='ocrx_word' id='word_1_58' title='bbox 711 682 954 731; x_wconf 79' lang='lat' dir='ltr'>nauseantis</span> <span class='ocrx_word' id='word_1_59' title='bbox 974 682 1136 735; x_wconf 82' lang='lat' dir='ltr'>animi,</span> <span class='ocrx_word' id='word_1_60' title='bbox 1163 680 1209 727; x_wconf 90' lang='lat' dir='ltr'>in</span> <span class='ocrx_word' id='word_1_61' title='bbox 1236 696 1343 743; x_wconf 86' lang='lat' dir='ltr'>quas</span> <span class='ocrx_word' id='word_1_62' title='bbox 1368 678 1461 725; x_wconf 88' lang='lat' dir='ltr'>fere</span> 
     </span>
     <span class='ocr_line' id='line_1_9' title="bbox 179 753 1461 805; baseline -0.005 -1"><span class='ocrx_word' id='word_1_63' title='bbox 179 757 352 805; x_wconf 83' lang='lat' dir='ltr'>delicati</span> <span class='ocrx_word' id='word_1_64' title='bbox 368 769 410 803; x_wconf 91' lang='lat' dir='ltr'>et</span> <span class='ocrx_word' id='word_1_65' title='bbox 427 756 579 804; x_wconf 85' lang='lat' dir='ltr'>felices</span> <span class='ocrx_word' id='word_1_66' title='bbox 594 757 823 804; x_wconf 84' lang='lat' dir='ltr'>incidunt?</span> <span class='ocrx_word' id='word_1_67' title='bbox 846 773 937 802; x_wconf 88' lang='lat' dir='ltr'>non</span> <span class='ocrx_word' id='word_1_68' title='bbox 958 769 1085 803; x_wconf 84' lang='lat' dir='ltr'>vacat</span> <span class='ocrx_word' id='word_1_69' title='bbox 1101 755 1219 802; x_wconf 89' lang='lat' dir='ltr'>enim</span> <span class='ocrx_word' id='word_1_70' title='bbox 1246 753 1354 801; x_wconf 88' lang='lat' dir='ltr'>haec</span> <span class='ocrx_word' id='word_1_71' title='bbox 1376 768 1461 798; x_wconf 88' lang='lat' dir='ltr'>no-</span> 
     </span>
     <span class='ocr_line' id='line_1_10' title="bbox 179 827 1458 892; baseline -0.003 -17"><span class='ocrx_word' id='word_1_72' title='bbox 179 842 291 887; x_wconf 86' lang='lat' dir='ltr'>tare,</span> <span class='ocrx_word' id='word_1_73' title='bbox 325 829 396 876; x_wconf 88' lang='lat' dir='ltr'>cui</span> <span class='ocrx_word' id='word_1_74' title='bbox 426 830 578 892; x_wconf 89' lang='lat' dir='ltr'>peiora</span> <span class='ocrx_word' id='word_1_75' title='bbox 607 829 776 876; x_wconf 88' lang='lat' dir='ltr'>instant.</span> <span class='ocrx_word' id='word_1_76' title='bbox 812 829 967 875; x_wconf 90' lang='lat' dir='ltr'>Nimio</span> <span class='ocrx_word' id='word_1_77' title='bbox 996 829 1093 876; x_wconf 88' lang='lat' dir='ltr'>otio</span> <span class='ocrx_word' id='word_1_78' title='bbox 1122 827 1294 892; x_wconf 86' lang='lat' dir='ltr'>ingenia</span> <span class='ocrx_word' id='word_1_79' title='bbox 1329 841 1458 872; x_wconf 83' lang='lat' dir='ltr'>natu-</span> 
     </span>
     <span class='ocr_line' id='line_1_11' title="bbox 178 899 1460 967; baseline -0.004 -17"><span class='ocrx_word' id='word_1_80' title='bbox 178 921 225 950; x_wconf 89' lang='lat' dir='ltr'>ra</span> <span class='ocrx_word' id='word_1_81' title='bbox 244 903 417 951; x_wconf 84' lang='lat' dir='ltr'>infirma</span> <span class='ocrx_word' id='word_1_82' title='bbox 440 917 484 951; x_wconf 92' lang='lat' dir='ltr'>et</span> <span class='ocrx_word' id='word_1_83' title='bbox 513 905 768 961; x_wconf 89' lang='lat' dir='ltr'>muliebria,</span> <span class='ocrx_word' id='word_1_84' title='bbox 795 918 840 951; x_wconf 90' lang='lat' dir='ltr'>et</span> <span class='ocrx_word' id='word_1_85' title='bbox 861 903 1011 967; x_wconf 90' lang='lat' dir='ltr'>inopia</span> <span class='ocrx_word' id='word_1_86' title='bbox 1037 919 1168 951; x_wconf 87' lang='lat' dir='ltr'>verae</span> <span class='ocrx_word' id='word_1_87' title='bbox 1195 900 1378 948; x_wconf 87' lang='lat' dir='ltr'>iniuriae</span> <span class='ocrx_word' id='word_1_88' title='bbox 1396 899 1460 945; x_wconf 87' lang='lat' dir='ltr'>la-</span> 
     </span>
     <span class='ocr_line' id='line_1_12' title="bbox 177 973 1462 1041; baseline -0.004 -18"><span class='ocrx_word' id='word_1_89' title='bbox 177 977 403 1025; x_wconf 87' lang='lat' dir='ltr'>scivientia</span> <span class='ocrx_word' id='word_1_90' title='bbox 420 1015 433 1035; x_wconf 94' lang='lat'>,</span> <span class='ocrx_word' id='word_1_91' title='bbox 466 978 530 1024; x_wconf 84' lang='lat' dir='ltr'>his</span> <span class='ocrx_word' id='word_1_92' title='bbox 570 990 916 1026; x_wconf 84' lang='lat' dir='ltr'>commoventur</span> <span class='ocrx_word' id='word_1_93' title='bbox 933 1014 947 1036; x_wconf 98' lang='lat'>,</span> <span class='ocrx_word' id='word_1_94' title='bbox 976 994 1168 1041; x_wconf 88' lang='lat' dir='ltr'>quorum</span> <span class='ocrx_word' id='word_1_95' title='bbox 1195 992 1294 1040; x_wconf 88' lang='lat' dir='ltr'>pars</span> <span class='ocrx_word' id='word_1_96' title='bbox 1317 973 1462 1021; x_wconf 81' lang='lat' dir='ltr'>maior</span> 
     </span>
     <span class='ocr_line' id='line_1_13' title="bbox 177 1042 1459 1115; baseline -0.003 -19"><span class='ocrx_word' id='word_1_97' title='bbox 177 1051 345 1099; x_wconf 89' lang='lat' dir='ltr'>constat</span> <span class='ocrx_word' id='word_1_98' title='bbox 376 1053 490 1100; x_wconf 76' lang='lat' dir='ltr'>vitio</span> <span class='ocrx_word' id='word_1_99' title='bbox 525 1052 865 1115; x_wconf 75' lang='lat' dir='ltr'>interpretantis.</span> <span class='ocrx_word' id='word_1_100' title='bbox 902 1055 1051 1115; x_wconf 88' lang='lat' dir='ltr'>Itaque</span> <span class='ocrx_word' id='word_1_101' title='bbox 1085 1067 1166 1097; x_wconf 88' lang='lat' dir='ltr'>nec</span> <span class='ocrx_word' id='word_1_102' title='bbox 1201 1042 1459 1112; x_wconf 83' lang='lat' dir='ltr'>prudentiae</span> 
     </span>
     <span class='ocr_line' id='line_1_14' title="bbox 179 1121 1461 1187; baseline -0.003 -17"><span class='ocrx_word' id='word_1_103' title='bbox 179 1124 421 1187; x_wconf 84' lang='lat' dir='ltr'>quidquam</span> <span class='ocrx_word' id='word_1_104' title='bbox 458 1126 502 1172; x_wconf 86' lang='lat' dir='ltr'>in</span> <span class='ocrx_word' id='word_1_105' title='bbox 530 1126 570 1173; x_wconf 91' lang='lat' dir='ltr'>se</span> <span class='ocrx_word' id='word_1_106' title='bbox 591 1125 701 1184; x_wconf 82' lang='lat' dir='ltr'>esse,</span> <span class='ocrx_word' id='word_1_107' title='bbox 729 1142 809 1172; x_wconf 90' lang='lat' dir='ltr'>nec</span> <span class='ocrx_word' id='word_1_108' title='bbox 831 1125 1016 1172; x_wconf 85' lang='lat' dir='ltr'>fiduciae</span> <span class='ocrx_word' id='word_1_109' title='bbox 1042 1122 1232 1171; x_wconf 84' lang='lat' dir='ltr'>ostendit</span> <span class='ocrx_word' id='word_1_110' title='bbox 1252 1121 1329 1186; x_wconf 88' lang='lat' dir='ltr'>qui</span> <span class='ocrx_word' id='word_1_111' title='bbox 1349 1136 1461 1167; x_wconf 85' lang='lat' dir='ltr'>con-</span> 
     </span>
     <span class='ocr_line' id='line_1_15' title="bbox 179 1193 1460 1246; baseline -0.004 -3"><span class='ocrx_word' id='word_1_112' title='bbox 179 1197 361 1244; x_wconf 88' lang='lat' dir='ltr'>tumelia</span> <span class='ocrx_word' id='word_1_113' title='bbox 380 1198 579 1246; x_wconf 87' lang='lat' dir='ltr'>afficitur.</span> <span class='ocrx_word' id='word_1_114' title='bbox 606 1215 697 1245; x_wconf 88' lang='lat' dir='ltr'>non</span> <span class='ocrx_word' id='word_1_115' title='bbox 722 1199 854 1245; x_wconf 88' lang='lat' dir='ltr'>dubie</span> <span class='ocrx_word' id='word_1_116' title='bbox 885 1200 1003 1246; x_wconf 87' lang='lat' dir='ltr'>enim</span> <span class='ocrx_word' id='word_1_117' title='bbox 1037 1207 1310 1246; x_wconf 84' lang='lat' dir='ltr'>contemtum</span> <span class='ocrx_word' id='word_1_118' title='bbox 1336 1194 1375 1240; x_wconf 89' lang='lat' dir='ltr'>se</span> <span class='ocrx_word' id='word_1_119' title='bbox 1395 1193 1460 1239; x_wconf 84' lang='lat' dir='ltr'>iu-</span> 
     </span>
     <span class='ocr_line' id='line_1_16' title="bbox 179 1268 1460 1332; baseline -0.002 -17"><span class='ocrx_word' id='word_1_120' title='bbox 179 1269 297 1316; x_wconf 85' lang='lat' dir='ltr'>dicat</span> <span class='ocrx_word' id='word_1_121' title='bbox 315 1287 327 1315; x_wconf 70' lang='grc' dir='ltr'><strong><em>ε</em></strong></span> <span class='ocrx_word' id='word_1_122' title='bbox 346 1283 388 1317; x_wconf 90' lang='lat' dir='ltr'>et</span> <span class='ocrx_word' id='word_1_123' title='bbox 404 1271 476 1317; x_wconf 89' lang='lat' dir='ltr'>hic</span> <span class='ocrx_word' id='word_1_124' title='bbox 495 1270 665 1317; x_wconf 87' lang='lat' dir='ltr'>morsus</span> <span class='ocrx_word' id='word_1_125' title='bbox 683 1286 775 1316; x_wconf 89' lang='lat' dir='ltr'>non</span> <span class='ocrx_word' id='word_1_126' title='bbox 797 1270 882 1315; x_wconf 79' lang='lat' dir='ltr'>sine</span> <span class='ocrx_word' id='word_1_127' title='bbox 897 1269 1084 1332; x_wconf 88' lang='lat' dir='ltr'>quadam</span> <span class='ocrx_word' id='word_1_128' title='bbox 1104 1268 1350 1314; x_wconf 88' lang='lat' dir='ltr'>humilitate</span> <span class='ocrx_word' id='word_1_129' title='bbox 1369 1269 1460 1313; x_wconf 83' lang='lat' dir='ltr'>ani-</span> 
     </span>
     <span class='ocr_line' id='line_1_17' title="bbox 181 1341 1462 1407; baseline -0.002 -19"><span class='ocrx_word' id='word_1_130' title='bbox 181 1343 242 1389; x_wconf 87' lang='lat' dir='ltr'>mi</span> <span class='ocrx_word' id='word_1_131' title='bbox 257 1343 421 1399; x_wconf 83' lang='lat' dir='ltr'>evenit,</span> <span class='ocrx_word' id='word_1_132' title='bbox 437 1343 742 1407; x_wconf 78' lang='lat' dir='ltr'>supprimentis</span> <span class='ocrx_word' id='word_1_133' title='bbox 757 1342 796 1388; x_wconf 88' lang='lat' dir='ltr'>se</span> <span class='ocrx_word' id='word_1_134' title='bbox 811 1359 860 1387; x_wconf 87' lang='lat' dir='ltr'>ac</span> <span class='ocrx_word' id='word_1_135' title='bbox 874 1341 1182 1388; x_wconf 83' lang='lat' dir='ltr'>descendentis.</span> <span class='ocrx_word' id='word_1_136' title='bbox 1196 1341 1372 1403; x_wconf 77' lang='lat' dir='ltr'>Sapiens</span> <span class='ocrx_word' id='word_1_137' title='bbox 1383 1357 1462 1385; x_wconf 77' lang='lat' dir='ltr'>au-</span> 
     </span>
     <span class='ocr_line' id='line_1_18' title="bbox 180 1416 1457 1480; baseline -0.002 -17"><span class='ocrx_word' id='word_1_138' title='bbox 180 1430 269 1463; x_wconf 86' lang='lat' dir='ltr'>tem</span> <span class='ocrx_word' id='word_1_139' title='bbox 289 1433 312 1463; x_wconf 88' lang='lat' dir='ltr'>a</span> <span class='ocrx_word' id='word_1_140' title='bbox 326 1418 445 1464; x_wconf 90' lang='lat' dir='ltr'>nullo</span> <span class='ocrx_word' id='word_1_141' title='bbox 467 1418 786 1473; x_wconf 79' lang='lat' dir='ltr'>contemnitur,</span> <span class='ocrx_word' id='word_1_142' title='bbox 804 1417 1150 1480; x_wconf 78' lang='lat' dir='ltr'>magnitudinem</span> <span class='ocrx_word' id='word_1_143' title='bbox 1168 1417 1284 1463; x_wconf 84' lang='lat' dir='ltr'>suam</span> <span class='ocrx_word' id='word_1_144' title='bbox 1306 1416 1457 1462; x_wconf 85' lang='lat' dir='ltr'>novit:</span> 
     </span>
     <span class='ocr_line' id='line_1_19' title="bbox 182 1489 1462 1552; baseline -0.001 -18"><span class='ocrx_word' id='word_1_145' title='bbox 182 1489 376 1552; x_wconf 78' lang='lat' dir='ltr'>nullique</span> <span class='ocrx_word' id='word_1_146' title='bbox 405 1501 574 1537; x_wconf 87' lang='lat' dir='ltr'>tantum</span> <span class='ocrx_word' id='word_1_147' title='bbox 597 1491 650 1536; x_wconf 89' lang='lat' dir='ltr'>de</span> <span class='ocrx_word' id='word_1_148' title='bbox 675 1490 716 1537; x_wconf 93' lang='lat' dir='ltr'>se</span> <span class='ocrx_word' id='word_1_149' title='bbox 734 1490 862 1536; x_wconf 88' lang='lat' dir='ltr'>licere</span> <span class='ocrx_word' id='word_1_150' title='bbox 884 1490 1102 1537; x_wconf 76' lang='lat' dir='ltr'>renuntiat</span> <span class='ocrx_word' id='word_1_151' title='bbox 1119 1489 1218 1536; x_wconf 76' lang='lat' dir='ltr'>fibi:</span> <span class='ocrx_word' id='word_1_152' title='bbox 1247 1501 1289 1535; x_wconf 91' lang='lat' dir='ltr'>et</span> <span class='ocrx_word' id='word_1_153' title='bbox 1306 1504 1462 1534; x_wconf 83' lang='lat' dir='ltr'>omnes</span> 
     </span>
     <span class='ocr_line' id='line_1_20' title="bbox 182 1560 1462 1624; baseline 0.001 -19"><span class='ocrx_word' id='word_1_154' title='bbox 182 1560 259 1607; x_wconf 86' lang='lat' dir='ltr'>has</span> <span class='ocrx_word' id='word_1_155' title='bbox 285 1577 393 1624; x_wconf 85' lang='lat' dir='ltr'>quas</span> <span class='ocrx_word' id='word_1_156' title='bbox 418 1578 508 1608; x_wconf 86' lang='lat' dir='ltr'>non</span> <span class='ocrx_word' id='word_1_157' title='bbox 536 1562 729 1609; x_wconf 83' lang='lat' dir='ltr'>miserias</span> <span class='ocrx_word' id='word_1_158' title='bbox 747 1561 997 1609; x_wconf 88' lang='lat' dir='ltr'>animorum</span> <span class='ocrx_word' id='word_1_159' title='bbox 1018 1598 1031 1618; x_wconf 91' lang='lat'>,</span> <span class='ocrx_word' id='word_1_160' title='bbox 1060 1563 1132 1610; x_wconf 88' lang='lat' dir='ltr'>sed</span> <span class='ocrx_word' id='word_1_161' title='bbox 1159 1561 1375 1608; x_wconf 88' lang='lat' dir='ltr'>molestias</span> <span class='ocrx_word' id='word_1_162' title='bbox 1393 1561 1462 1606; x_wconf 89' lang='lat' dir='ltr'>di-</span> 
     </span>
     <span class='ocr_line' id='line_1_21' title="bbox 182 1633 1462 1698; baseline 0 -18"><span class='ocrx_word' id='word_1_163' title='bbox 182 1633 347 1691; x_wconf 85' lang='lat' dir='ltr'>xerim,</span> <span class='ocrx_word' id='word_1_164' title='bbox 376 1651 468 1680; x_wconf 88' lang='lat' dir='ltr'>non</span> <span class='ocrx_word' id='word_1_165' title='bbox 491 1634 654 1690; x_wconf 84' lang='lat' dir='ltr'>vincit,</span> <span class='ocrx_word' id='word_1_166' title='bbox 679 1635 752 1682; x_wconf 89' lang='lat' dir='ltr'>sed</span> <span class='ocrx_word' id='word_1_167' title='bbox 781 1652 834 1682; x_wconf 90' lang='lat' dir='ltr'>ne</span> <span class='ocrx_word' id='word_1_168' title='bbox 858 1635 986 1697; x_wconf 85' lang='lat' dir='ltr'>sentit</span> <span class='ocrx_word' id='word_1_169' title='bbox 1010 1635 1201 1698; x_wconf 88' lang='lat' dir='ltr'>quidem.</span> <span class='ocrx_word' id='word_1_170' title='bbox 1238 1633 1331 1681; x_wconf 84' lang='lat' dir='ltr'>Alia</span> <span class='ocrx_word' id='word_1_171' title='bbox 1362 1634 1462 1680; x_wconf 84' lang='lat' dir='ltr'>sunt</span> 
     </span>
     <span class='ocr_line' id='line_1_22' title="bbox 185 1707 1474 1772; baseline -0.002 -17"><span class='ocrx_word' id='word_1_172' title='bbox 185 1725 295 1771; x_wconf 89' lang='lat' dir='ltr'>quae</span> <span class='ocrx_word' id='word_1_173' title='bbox 320 1707 556 1772; x_wconf 88' lang='lat' dir='ltr'>sapientem</span> <span class='ocrx_word' id='word_1_174' title='bbox 583 1709 769 1767; x_wconf 87' lang='lat' dir='ltr'>feriunt,</span> <span class='ocrx_word' id='word_1_175' title='bbox 797 1709 961 1757; x_wconf 78' lang='lat' dir='ltr'>etiamsi</span> <span class='ocrx_word' id='word_1_176' title='bbox 990 1726 1082 1757; x_wconf 90' lang='lat' dir='ltr'>non</span> <span class='ocrx_word' id='word_1_177' title='bbox 1106 1720 1395 1772; x_wconf 85' lang='lat' dir='ltr'>pervertunt:</span> <span class='ocrx_word' id='word_1_178' title='bbox 1416 1718 1474 1754; x_wconf 60' lang='lat' dir='ltr'>uk</span> 
     </span>
     <span class='ocr_line' id='line_1_23' title="bbox 185 1777 1462 1845; baseline 0.002 -19"><span class='ocrx_word' id='word_1_179' title='bbox 185 1777 319 1827; x_wconf 86' lang='lat' dir='ltr'>dolor</span> <span class='ocrx_word' id='word_1_180' title='bbox 341 1781 571 1845; x_wconf 89' lang='lat' dir='ltr'>corporis,</span> <span class='ocrx_word' id='word_1_181' title='bbox 598 1796 642 1828; x_wconf 92' lang='lat' dir='ltr'>et</span> <span class='ocrx_word' id='word_1_182' title='bbox 665 1781 890 1839; x_wconf 83' lang='lat' dir='ltr'>debilitas,</span> <span class='ocrx_word' id='word_1_183' title='bbox 922 1797 995 1829; x_wconf 86' lang='lat' dir='ltr'>aut</span> <span class='ocrx_word' id='word_1_184' title='bbox 1019 1782 1266 1830; x_wconf 89' lang='lat' dir='ltr'>amicorum</span> <span class='ocrx_word' id='word_1_185' title='bbox 1296 1782 1462 1828; x_wconf 83' lang='lat' dir='ltr'>libero-</span> 
     </span>
     <span class='ocr_line' id='line_1_24' title="bbox 185 1853 1464 1919; baseline 0.001 -19"><span class='ocrx_word' id='word_1_186' title='bbox 185 1870 373 1918; x_wconf 89' lang='lat' dir='ltr'>rumque</span> <span class='ocrx_word' id='word_1_187' title='bbox 398 1853 566 1901; x_wconf 85' lang='lat' dir='ltr'>amiffio</span> <span class='ocrx_word' id='word_1_188' title='bbox 587 1890 601 1914; x_wconf 90' lang='lat'>,</span> <span class='ocrx_word' id='word_1_189' title='bbox 629 1869 673 1902; x_wconf 92' lang='lat' dir='ltr'>et</span> <span class='ocrx_word' id='word_1_190' title='bbox 703 1856 866 1917; x_wconf 88' lang='lat' dir='ltr'>patriae</span> <span class='ocrx_word' id='word_1_191' title='bbox 892 1855 1011 1902; x_wconf 87' lang='lat' dir='ltr'>bello</span> <span class='ocrx_word' id='word_1_192' title='bbox 1034 1855 1254 1919; x_wconf 86' lang='lat' dir='ltr'>flagrantis</span> <span class='ocrx_word' id='word_1_193' title='bbox 1284 1853 1464 1903; x_wconf 88' lang='lat' dir='ltr'>calami-</span> 
     </span>
     <span class='ocr_line' id='line_1_25' title="bbox 186 1928 1467 1993; baseline 0.002 -18"><span class='ocrx_word' id='word_1_194' title='bbox 186 1940 264 1976; x_wconf 87' lang='lat' dir='ltr'>tas.</span> <span class='ocrx_word' id='word_1_195' title='bbox 287 1930 410 1977; x_wconf 86' lang='lat' dir='ltr'>Haec</span> <span class='ocrx_word' id='word_1_196' title='bbox 441 1945 534 1975; x_wconf 89' lang='lat' dir='ltr'>non</span> <span class='ocrx_word' id='word_1_197' title='bbox 560 1945 675 1993; x_wconf 82' lang='lat' dir='ltr'>nego</span> <span class='ocrx_word' id='word_1_198' title='bbox 702 1928 855 1976; x_wconf 89' lang='lat' dir='ltr'>sentire</span> <span class='ocrx_word' id='word_1_199' title='bbox 884 1930 1133 1992; x_wconf 85' lang='lat' dir='ltr'>sapientem.</span> <span class='ocrx_word' id='word_1_200' title='bbox 1158 1947 1239 1976; x_wconf 89' lang='lat' dir='ltr'>nec</span> <span class='ocrx_word' id='word_1_201' title='bbox 1264 1928 1380 1976; x_wconf 90' lang='lat' dir='ltr'>enim</span> <span class='ocrx_word' id='word_1_202' title='bbox 1405 1929 1467 1978; x_wconf 67' lang='lat' dir='ltr'>la-⁴</span> 
     </span>
     <span class='ocr_line' id='line_1_26' title="bbox 186 2003 1467 2066; baseline 0.002 -17"><span class='ocrx_word' id='word_1_203' title='bbox 186 2003 301 2066; x_wconf 88' lang='lat' dir='ltr'>pidis</span> <span class='ocrx_word' id='word_1_204' title='bbox 318 2003 380 2050; x_wconf 90' lang='lat' dir='ltr'>illi</span> <span class='ocrx_word' id='word_1_205' title='bbox 399 2003 601 2051; x_wconf 84' lang='lat' dir='ltr'>duritiam</span> <span class='ocrx_word' id='word_1_206' title='bbox 623 2003 790 2052; x_wconf 83' lang='lat' dir='ltr'>ferrive</span> <span class='ocrx_word' id='word_1_207' title='bbox 810 2004 1046 2052; x_wconf 85' lang='lat' dir='ltr'>afferimus.</span> <span class='ocrx_word' id='word_1_208' title='bbox 1083 2005 1199 2052; x_wconf 88' lang='lat' dir='ltr'>nulla</span> <span class='ocrx_word' id='word_1_209' title='bbox 1215 2004 1356 2053; x_wconf 87' lang='lat' dir='ltr'>virtus</span> <span class='ocrx_word' id='word_1_210' title='bbox 1380 2003 1467 2062; x_wconf 77' lang='lat' dir='ltr'>est,</span> 
     </span>
     <span class='ocr_line' id='line_1_27' title="bbox 188 2075 841 2138; baseline 0.003 -17"><span class='ocrx_word' id='word_1_211' title='bbox 188 2091 299 2138; x_wconf 90' lang='lat' dir='ltr'>quae</span> <span class='ocrx_word' id='word_1_212' title='bbox 325 2092 417 2121; x_wconf 89' lang='lat' dir='ltr'>non</span> <span class='ocrx_word' id='word_1_213' title='bbox 444 2075 625 2131; x_wconf 87' lang='lat' dir='ltr'>sentias,</span> <span class='ocrx_word' id='word_1_214' title='bbox 657 2076 841 2138; x_wconf 84' lang='lat' dir='ltr'>perpeti.</span> 
     </span>
    </p>
   </div>
   <div class='ocr_carea' id='block_1_3' title="bbox 191 2145 1474 2503">
    <p class='ocr_par' dir='ltr' id='par_1_3' title="bbox 191 2145 1474 2503">
     <span class='ocr_line' id='line_1_28' title="bbox 254 2145 1467 2211; baseline 0.001 -19"><span class='ocrx_word' id='word_1_215' title='bbox 254 2147 334 2193; x_wconf 90' lang='lat' dir='ltr'>XI.</span> <span class='ocrx_word' id='word_1_216' title='bbox 359 2147 481 2207; x_wconf 85' lang='lat' dir='ltr'>Quid</span> <span class='ocrx_word' id='word_1_217' title='bbox 512 2164 620 2211; x_wconf 88' lang='lat' dir='ltr'>ergo</span> <span class='ocrx_word' id='word_1_218' title='bbox 646 2146 707 2194; x_wconf 87' lang='lat' dir='ltr'>est</span> <span class='ocrx_word' id='word_1_219' title='bbox 729 2147 746 2194; x_wconf 69' lang='grc' dir='ltr'><strong><em>ἓ</em></strong></span> <span class='ocrx_word' id='word_1_220' title='bbox 783 2147 1015 2208; x_wconf 83' lang='lat' dir='ltr'>Quosdam</span> <span class='ocrx_word' id='word_1_221' title='bbox 1042 2146 1149 2195; x_wconf 64' lang='lat' dir='ltr'>istus</span> <span class='ocrx_word' id='word_1_222' title='bbox 1180 2145 1364 2210; x_wconf 86' lang='lat' dir='ltr'>recipit:</span> <span class='ocrx_word' id='word_1_223' title='bbox 1393 2146 1467 2195; x_wconf 85' lang='lat' dir='ltr'>sed</span> 
     </span>
     <span class='ocr_line' id='line_1_29' title="bbox 191 2219 1472 2282; baseline 0 -18"><span class='ocrx_word' id='word_1_224' title='bbox 191 2231 396 2282; x_wconf 85' lang='lat' dir='ltr'>receptos</span> <span class='ocrx_word' id='word_1_225' title='bbox 418 2219 602 2279; x_wconf 87' lang='lat' dir='ltr'>evincit,</span> <span class='ocrx_word' id='word_1_226' title='bbox 622 2221 763 2279; x_wconf 88' lang='lat' dir='ltr'>sanat,</span> <span class='ocrx_word' id='word_1_227' title='bbox 782 2232 825 2268; x_wconf 91' lang='lat' dir='ltr'>et</span> <span class='ocrx_word' id='word_1_228' title='bbox 843 2219 1111 2282; x_wconf 84' lang='lat' dir='ltr'>comprimit.</span> <span class='ocrx_word' id='word_1_229' title='bbox 1127 2219 1233 2267; x_wconf 89' lang='lat' dir='ltr'>haec</span> <span class='ocrx_word' id='word_1_230' title='bbox 1250 2235 1362 2267; x_wconf 88' lang='lat' dir='ltr'>vero</span> <span class='ocrx_word' id='word_1_231' title='bbox 1384 2219 1472 2265; x_wconf 85' lang='lat' dir='ltr'>mi-</span> 
     </span>
     <span class='ocr_line' id='line_1_30' title="bbox 191 2292 1468 2357; baseline 0.002 -19"><span class='ocrx_word' id='word_1_232' title='bbox 191 2307 304 2338; x_wconf 85' lang='lat' dir='ltr'>nora</span> <span class='ocrx_word' id='word_1_233' title='bbox 333 2308 386 2340; x_wconf 89' lang='lat' dir='ltr'>ne</span> <span class='ocrx_word' id='word_1_234' title='bbox 419 2292 545 2340; x_wconf 87' lang='lat' dir='ltr'>sentit</span> <span class='ocrx_word' id='word_1_235' title='bbox 579 2294 781 2357; x_wconf 90' lang='lat' dir='ltr'>quidem,</span> <span class='ocrx_word' id='word_1_236' title='bbox 817 2311 898 2341; x_wconf 87' lang='lat' dir='ltr'>nec</span> <span class='ocrx_word' id='word_1_237' title='bbox 927 2293 1132 2341; x_wconf 89' lang='lat' dir='ltr'>adversus</span> <span class='ocrx_word' id='word_1_238' title='bbox 1164 2311 1215 2341; x_wconf 84' lang='lat' dir='ltr'>ea</span> <span class='ocrx_word' id='word_1_239' title='bbox 1244 2293 1366 2341; x_wconf 87' lang='lat' dir='ltr'>solita</span> <span class='ocrx_word' id='word_1_240' title='bbox 1398 2292 1468 2340; x_wconf 85' lang='lat' dir='ltr'>illa</span> 
     </span>
     <span class='ocr_line' id='line_1_31' title="bbox 196 2362 1470 2422; baseline 0 -11"><span class='ocrx_word' id='word_1_241' title='bbox 196 2362 363 2411; x_wconf 80' lang='lat' dir='ltr'>virtute</span> <span class='ocrx_word' id='word_1_242' title='bbox 392 2364 528 2411; x_wconf 89' lang='lat' dir='ltr'>utitur</span> <span class='ocrx_word' id='word_1_243' title='bbox 553 2366 660 2413; x_wconf 89' lang='lat' dir='ltr'>dura</span> <span class='ocrx_word' id='word_1_244' title='bbox 682 2366 902 2413; x_wconf 88' lang='lat' dir='ltr'>tolerandi</span> <span class='ocrx_word' id='word_1_245' title='bbox 924 2384 936 2411; x_wconf 75' lang='grc' dir='ltr'><strong><em>ε</em></strong></span> <span class='ocrx_word' id='word_1_246' title='bbox 957 2366 1027 2412; x_wconf 91' lang='lat' dir='ltr'>sed</span> <span class='ocrx_word' id='word_1_247' title='bbox 1046 2378 1121 2413; x_wconf 87' lang='lat' dir='ltr'>aut</span> <span class='ocrx_word' id='word_1_248' title='bbox 1146 2382 1238 2414; x_wconf 92' lang='lat' dir='ltr'>non</span> <span class='ocrx_word' id='word_1_249' title='bbox 1261 2376 1470 2422; x_wconf 85' lang='lat' dir='ltr'>annotat,</span> 
     </span>
     <span class='ocr_line' id='line_1_32' title="bbox 200 2435 1474 2503; baseline 0.005 -20"><span class='ocrx_word' id='word_1_250' title='bbox 200 2447 274 2484; x_wconf 88' lang='lat' dir='ltr'>aut</span> <span class='ocrx_word' id='word_1_251' title='bbox 302 2435 432 2502; x_wconf 80' lang='lat' dir='ltr'>digna</span> <span class='ocrx_word' id='word_1_252' title='bbox 451 2436 536 2486; x_wconf 87' lang='lat' dir='ltr'>risu</span> <span class='ocrx_word' id='word_1_253' title='bbox 561 2453 698 2503; x_wconf 85' lang='lat' dir='ltr'>putat.</span> <span class='ocrx_word' id='word_1_254' title='bbox 731 2439 985 2496; x_wconf 81' lang='lat' dir='ltr'>Praeterea,</span> <span class='ocrx_word' id='word_1_255' title='bbox 1009 2455 1109 2488; x_wconf 87' lang='lat' dir='ltr'>cum</span> <span class='ocrx_word' id='word_1_256' title='bbox 1138 2455 1342 2503; x_wconf 84' lang='lat' dir='ltr'>magnam</span> <span class='ocrx_word' id='word_1_257' title='bbox 1367 2454 1474 2502; x_wconf 57' lang='lat' dir='ltr'>pare</span> 
     </span>
    </p>
   </div>
   <div class='ocr_carea' id='block_1_4' title="bbox 1114 2505 1216 2567">
    <p class='ocr_par' dir='ltr' id='par_1_4' title="bbox 1114 2505 1216 2567">
     <span class='ocr_line' id='line_1_33' title="bbox 1114 2505 1216 2567; baseline 0 0"><span class='ocrx_word' id='word_1_258' title='bbox 1114 2505 1216 2567; x_wconf 80' lang='lat' dir='ltr'>T3</span> 
     </span>
    </p>
   </div>
  </div>
 </body>
</html>
