1741 2919
480 143 580 188 DE
646 144 777 189 IRA
844 143 976 193 MR.
1027 143 1096 187 ΙΙ.
1366 156 1419 203 57

64 286 75 290 -
133 250 292 314 pocula
317 248 519 315 sinusque
537 249 725 298 innoxio
745 249 865 313 lapsu
884 250 1125 307 dracones,
1146 263 1189 296 et
1207 246 1318 296 intra
1340 249 1423 295 do--

134 342 258 373 mum
283 326 485 373 ursorum
511 324 786 386 leonumque.
813 339 891 369 ora
918 324 1084 386 placida
1117 318 1394 370 traElantibu's
1410 359 1422 375 „

130 397 443 461 adulantesque
469 396 704 443 dominum
729 394 842 442 feras
863 413 874 442 t
896 396 1079 458 pudebit
1099 414 1200 444 cum
1222 395 1396 460 animali
1413 424 1423 429 »-

129 470 212 517 bus
233 466 498 533 permutasse
517 482 676 514 mores.
692 466 826 514 Nefas
843 466 904 512 est
922 483 1084 514 nocere
1107 467 1267 529 patriae
1286 485 1296 514 ε
1314 484 1422 530 ergcx

130 543 220 589 civi
238 558 434 607 quoque.
462 557 562 588 nam
580 540 651 588 hic
670 556 770 603 pars
787 539 951 602 patriae
973 539 1048 588 est.
1083 541 1259 588 Sanciae
1279 552 1422 604 partes

133 612 260 674 sunt,
288 613 318 660 fi
349 613 598 662 universum
631 612 882 661 venerabile
910 612 1002 660 est..
1021 616 1142 677 Ergo
1169 627 1212 661 et
1236 613 1423 661 homini.

131 705 232 735 nam
256 686 329 735 hic
351 685 396 733 in
415 685 586 734 maiore
604 685 684 733 tibi
703 686 811 732 urbe
834 685 946 734 civis
970 685 1045 732 est.
1063 685 1189 746 Quid
1208 684 1239 732 fi
1258 702 1421 734 nocere
1488 703 1497 714 ··

130 760 266 809 velint
289 775 444 808 manus
469 758 684 823 pedibus?
704 758 903 807 manibus
923 759 1075 806 oculi?
1098 762 1161 807 Ut
1179 760 1329 807 omnia
1345 759 1420 806 in-

128 846 196 883 ter
211 834 254 881 se
277 832 479 880 membra
495 831 802 891 consentiunt,
832 830 936 895 quia
955 832 1118 896 fingula
1137 832 1328 891 servari,
1348 843 1421 880 to-

126 905 214 954 tius
237 905 437 963 interest3
470 906 529 954 ita
559 906 765 959 homines
791 904 964 971 singulis
991 921 1203 971 parcent,
1231 905 1334 970 quia
1364 905 1421 952 ad

129 983 310 1029 coetum
340 978 477 1044 geniti
508 978 669 1027 sumus.
697 978 812 1028 salva
841 990 986 1027 autem
1015 978 1099 1026 effe
1135 977 1315 1027 societas
1344 977 1421 1025 nisi

128 1069 282 1102 amore
309 1064 355 1102 et
385 1051 582 1101 custodia
613 1052 804 1117 partium
837 1068 929 1100 non
957 1051 1118 1116 potest,
1151 1054 1221 1099 Ne
1239 1051 1421 1117 *viperas

128 1115 310 1192 quidem
335 1139 382 1177 et
402 1127 590 1176 natrices
603 1162 617 1184 ,
645 1126 744 1176 et‘fi
761 1142 847 1190 qua
867 1125 1017 1173 morsu
1035 1138 1108 1173 aut
1124 1126 1213 1173 iun
1233 1140 1420 1188 nocent,

130 1201 420 1268 effligeremus
441 1232 456 1257 ‚
489 1200 521 1249 fi
550 1211 599 1247 ut
623 1200 792 1263 reliqua
821 1199 1147 1248 mansuefacere
1175 1199 1426 1262 possemus,

130 1292 206 1326 aut
232 1277 437 1336 efficere,
471 1292 527 1325 ne
553 1274 684 1323 nobis
706 1274 862 1337 aliisve
893 1275 1094 1339 periculo
1120 1274 1270 1323 effent.
1299 1276 1421 1337 Ergo

130 1369 186 1400 ne
203 1350 378 1399 homini
394 1349 577 1415 quidem
598 1349 858 1400 nocebimus
872 1386 887 1410 ‚
904 1351 1005 1414 quia
1025 1350 1256 1414 peccavit,
1273 1349 1346 1397 sed
1367 1365 1424 1396 ne

129 1438 309 1489 peccet:
329 1442 412 1474 nec
432 1442 628 1490 unquam
648 1426 702 1473 ad
723 1426 1004 1489 praeteritum
1021 1462 1035 1485 ‚
1061 1425 1132 1473 sed
1153 1425 1204 1472 ad
1222 1424 1421 1472 futurum

128 1513 275 1561 poena
294 1496 526 1546 referetur.
545 1514 639 1546 non
658 1499 775 1546 enim
801 1498 1023 1558 irascitur,
1049 1497 1120 1546 sed
1142 1508 1280 1545 cavet.
1302 1495 1421 1542 Nam

129 1569 161 1620 fi
191 1570 442 1634 puniendus
469 1570 558 1629 est,
585 1571 836 1636 cuicunque
865 1588 1056 1636 pravum
1083 1569 1424 1635 maleficumque

129 1643 355 1708 ingenium
374 1643 436 1691 est
450 1678 465 1702 ,
500 1659 646 1706 poena
665 1646 889 1694 neminem
917 1644 1118 1708 excipiet.

194 1719 394 1769 XXXu.
418 1721 476 1765 At
494 1717 613 1766 enim
642 1718 707 1767 ira
731 1720 866 1769 habet
893 1720 1083 1784 aliquam
1108 1719 1383 1782 voluptatem
1406 1736 1419 1765 ε

129 1802 174 1839 et
191 1790 316 1839 dulce
336 1789 423 1850 est,
449 1790 654 1838 dolorem
672 1792 871 1841 reddere.
888 1791 1094 1840 Minime.
1114 1808 1206 1838 non
1224 1790 1343 1838 enim
1371 1805 1422 1837 ut
1477 1829 1483 1833 ,

129 1862 178 1910 in
201 1861 425 1911 beneficiis
446 1862 784 1924 honestumest,
806 1864 961 1912 merita
981 1863 1145 1912 meritis
1164 1863 1391 1925 repensare
1406 1880 1421 1910 τ

129 1935 190 1984 ita
209 1934 386 1982 iniurias
408 1934 592 1984 iniuriis.
618 1936 734 1996 illic,
758 1938 880 1986 vinci
909 1951 1038 2001 turp-e
1066 1936 1153 1984 est:
1187 1935 1284 1990 hic,
1317 1935 1422 1984 vin-

128 2026 244 2061 cere.
264 2010 556 2058 Inhumanum
577 2013 764 2061 verbum
790 2013 878 2071 est,
906 2026 955 2060 ut
982 2013 1165 2077 quidem
1192 2028 1276 2075 pro
1306 2010 1420 2058 iusto

130 2094 358 2147 receptum
373 2117 388 2142 ‚
408 2083 560 2132 Ultio:
581 2097 624 2133 et
642 2102 667 2133 a
688 2086 958 2134 contumelia
977 2103 1069 2134 non
1088 2086 1235 2134 differt
1255 2084 1333 2132 nisi
1353 2101 1425 2132 or-

131 2156 248 2205 dine.
266 2156 361 2218 Qui
380 2156 583 2205 dolorem
604 2159 790 2223 regerit,
809 2172 977 2208 tantum
997 2160 1237 2209 excusatius
1255 2174 1421 2223 peccat.

133 2233 199 2278 M.
217 2231 438 2280 Catonem
461 2232 507 2279 in
532 2233 694 2281 balneo
721 2234 903 2299 quidam
924 2233 1127 2297 percuffit
1151 2232 1425 2296 imprudens.

133 2303 231 2370 quis
249 2304 369 2352 enim
382 2304 450 2352 illi
468 2304 603 2354 sciens
623 2305 786 2355 faceret
809 2306 1048 2354 iniuriam?
1072 2305 1226 2374 pqstea
1250 2304 1422 2354 satisfa-

133 2377 265 2426 cienti
288 2378 434 2439 Cato,
470 2380 578 2428 Non
612 2380 822 2440 memini,
854 2380 1027 2445 inquit,
1062 2379 1309 2445 percussum
1334 2395 1422 2427 me.

135 2450 294 2500 Melius
328 2450 527 2517 putavit,
566 2469 660 2502 non
699 2453 987 2518 agnosceres
1006 2470 1139 2520 quam
1177 2453 1424 2504 vindicare,
