1741 2919
488 187 589 234 DE
637 189 767 234 IRA
824 188 962 233 ΜΒ.
1018 189 1047 233 1.
1371 202 1430 248 27

139 297 204 345 tio
231 296 302 345 sua
321 295 576 343 fulminibus
597 310 830 343 terreretur
849 332 863 353 ,
892 293 1067 358 prorsus
1088 310 1241 357 parum
1263 294 1395 341 certis
1414 330 1428 352 ,

141 370 196 416 ad
220 385 408 432 pugnam
427 368 609 415 vocavit
630 371 782 414 lovem
799 403 811 425 ,
834 374 875 413 e‘t
900 367 1073 430 quidem
1094 365 1180 412 stne
1200 365 1399 413 rniffione
1421 401 1436 421 ,

141 442 435 488 Homericum
469 440 589 487 illum
623 440 870 487 exclamans
899 440 1072 489 versum
1093 473 1107 496 ‚
1131 446 1376 501 ἣμῖἀνάειρ,
1408 448 1427 487 ἢ

141 522 224 576 ἐγώ
241 539 296 563 σε.
323 517 495 574 Quanta
521 513 740 559 dementia
767 511 880 560 fuit!
917 514 1115 576 putavit,
1149 526 1221 559 aut
1246 511 1322 556 sibi
1343 527 1430 556 no-

141 585 229 630 ceri
251 603 303 630 ne
323 603 346 629 a
361 588 470 632 love
487 585 665 648 quidem
682 584 804 647 poffe
820 623 834 643 ,
855 600 927 632 aut
942 585 982 631 se
1000 603 1162 633 nocere
1180 583 1309 630 etiam
1330 580 1431 629 Iovi

140 657 274 718 posse.
296 660 402 705 Non
419 671 530 721 puto
548 675 701 721 parum
722 660 936 706 momenti
957 661 1067 706 hanc
1083 660 1176 706 eius
1193 674 1352 705 vocem
1376 656 1430 702 ad

141 728 381 777 incitandas
421 729 753 777 coniuratorum
794 740 960 778 mentes
994 730 1216 778 addidisse.
1254 729 1431 774 ultimae

140 803 258 849 enim
281 797 517 867 patientiae
535 804 678 851 visum
695 805 777 863 est,
794 823 894 852 eum
915 805 1053 861 ferre,
1071 805 1146 867 qui
1168 806 1323 850 Iovem
1339 816 1430 846 non

139 875 282 924 ferret.
313 879 434 925 Nihil
455 894 560 942 ergo
583 879 626 925 in
647 878 709 924 'rra
723 915 737 937 ‚
760 897 812 926 ne
831 896 930 924 cum
950 877 1129 925 videtur
1155 876 1332 940 quidem
1351 891 1430 922 ve·

139 949 317 998 hemens
336 988 349 1010 ‚
387 953 495 1000 deos
537 952 828 1016 hominesque
863 951 1103 1015 despiciens
1125 986 1137 1009 ,
1177 966 1382 1014 magnum
1415 983 1430 1007 ,

140 1022 248 1068 nihil
277 1024 424 1072 nobile
454 1024 547 1072 est:
575 1042 647 1074 aut
677 1027 707 1072 fi
736 1027 915 1073 videtur
941 1024 1071 1072 alicui
1102 1041 1306 1086 magnum
1336 1023 1430 1069 ani-

139 1111 261 1141 mum
293 1096 357 1144 ira
384 1098 661 1160 producere,
689 1098 892 1146 videatur
910 1111 952 1143 et
973 1097 1160 1143 luxuria.
1179 1097 1326 1142 Ebore
1357 1095 1430 1142 su-

138 1166 284 1214 stineri
308 1170 431 1225 vult,
452 1188 642 1233 purpura
662 1171 840 1225 vestiri,
870 1187 979 1216 auro
997 1170 1108 1234 tegi,
1135 1184 1269 1216 terras
1289 1182 1430 1216 trans-

138 1241 280 1298 ferre,
311 1242 444 1287 maria
479 1243 772 1300 concludere,
804 1241 987 1287 flumina
1014 1241 1299 1304 praecipitare
1316 1278 1329 1299 ,
1351 1259 1432 1289 ne-

137 1329 264 1360 mora
285 1313 563 1377 suspendere.
596 1316 807 1363 Videatur
830 1328 873 1363 et
893 1316 1074 1361 avaritia
1102 1316 1250 1377 magni
1281 1317 1430 1364 animi.

135 1388 306 1435 acervis
324 1388 414 1434 auri
436 1391 694 1454 argentique
715 1391 919 1445 incubat,
935 1404 978 1436 et
996 1391 1326 1453 provinciarum
1348 1407 1431 1437 no-

136 1462 329 1510 minibus
359 1480 488 1527 agros
518 1464 653 1520 colit,
685 1477 727 1510 et
760 1464 835 1510 sub
865 1464 1035 1527 singulis
1065 1465 1221 1512 villicis
1250 1465 1429 1512 latiores

137 1538 268 1585 habet
300 1537 433 1594 fines,
455 1556 588 1601 quam
621 1556 733 1603 quos
766 1540 982 1586 Consules
1015 1539 1320 1587 sortiebantur.
1346 1541 1428 1586 Vi-

136 1611 289 1658 deatur
306 1624 348 1658 et
379 1610 518 1658 libido
538 1613 682 1675 magni
704 1613 850 1658 animi.
894 1612 1127 1660 transnatat
1144 1612 1254 1659 freta
1271 1649 1283 1671 ‚
1316 1630 1425 1675 pue·

136 1701 287 1732 rorum
306 1701 456 1747 greges
474 1683 625 1731 castrat
639 1721 652 1741 ‚
670 1684 748 1731 sub
768 1686 957 1749 gladium
976 1685 1118 1732 mariti
1139 1685 1262 1732 venit
1280 1702 1417 1743 uxor,
1434 1701 1436 1704 ·

134 1770 282 1804 morte
308 1752 540 1806 contemta.
572 1760 789 1806 Videatur
816 1772 858 1807 et
889 1760 1073 1807 ambitio
1102 1758 1248 1821 magni
1277 1759 1424 1809 animi.

135 1848 228 1879 non
248 1832 309 1879 est
338 1846 547 1880 contenta
569 1834 817 1881 honoribus
845 1835 1029 1882 annuis:
1064 1832 1092 1880 fi
1124 1832 1218 1879 fieri
1248 1833 1390 1896 potest
1410 1867 1424 1889 ,

133 1923 225 1959 uno
243 1908 421 1954 nomine
438 1925 656 1972 occupare
676 1909 807 1956 fastos
826 1910 921 1956 vult
937 1946 952 1966 ‚
971 1926 1047 1972 per
1065 1924 1244 1955 omnem
1266 1909 1420 1955 orbem

135 1979 287 2026 titulos
308 1979 551 2041 disponere.
585 1981 750 2028 Omnia
768 1981 843 2028 ista
869 1999 958 2029 non
987 1978 1120 2028 refert
1150 1982 1192 2026 in
1209 1994 1422 2043 quantum

136 2053 380 2115 procedant
409 2055 733 2118 extendantque
763 2054 834 2102 se:
865 2053 1041 2113 angusta
1077 2054 1197 2108 sunt,
1236 2052 1389 2099 misera
1410 2089 1424 2111 ,

112 2155 114 2157 -
135 2125 339 2186 depressa.
384 2126 483 2173 Sola
521 2126 712 2174 sublimis
747 2139 791 2174 et
822 2127 987 2174 excelsa
1021 2127 1162 2174 virtus
1201 2125 1263 2172 est
1294 2144 1304 2172 ε
1341 2142 1422 2172 nec

135 2197 376 2267 quidquam
398 2217 602 2266 magnum
622 2200 682 2248 est
697 2237 710 2259 ‚
737 2199 813 2247 nisi
834 2201 958 2264 quod
975 2200 1098 2247 fimul
1118 2214 1160 2246 et
1187 2198 1424 2262 placidum.

541 2417 1028 2429 *pm-...3-
