1741 2919
268 123 330 176 88
560 128 609 174 L.
657 127 960 174 ANNAEI
1007 128 1367 177 SENECAE

269 232 430 293 defuit,
458 249 541 280 nec
571 235 625 280 ad
651 234 950 283 ulciscendum
975 235 1175 299 potestas.
1206 237 1329 297 Quid
1358 237 1476 285 enim
1501 238 1564 285 fa-

268 306 391 353 cilius
418 306 501 353 fuit
528 306 758 370 Antigono
781 343 795 366 ,
835 325 967 372 quam
1002 309 1114 357 duos
1140 310 1430 373 manipulares
1461 310 1565 358 duci

268 378 448 436 iubere,
479 378 557 442 qui
591 379 895 428 incumbentes
943 381 1070 445 regio
1105 382 1388 430 tabernaculo
1428 382 1564 430 facie-

270 453 376 500 bant
395 488 408 510 ,
426 454 551 516 quod
570 453 772 502 homines
789 467 832 503 et
851 455 1205 519 periculosissime
1227 468 1268 503 et
1287 456 1564 503 libentiffime

270 524 465 582 faciunt,
499 527 553 573 de
584 543 685 591 rege
719 527 798 575 suo
831 529 942 575 male
976 529 1310 576 existimabant?
1351 531 1566 577 Audierat

271 598 422 644 omnia
453 598 700 662 Antigonus
718 635 730 656 ,
760 614 918 663 utpote
939 617 1040 648 cum
1060 600 1172 648 inter
1196 602 1392 650 dicentes
1412 615 1455 650 et
1484 620 1564 650 au-

271 671 464 718 dientem
489 672 599 735 palla
630 672 883 721 interesset:
911 690 1043 737 quam
1071 675 1142 721 ille
1169 675 1325 722 leviter
1359 664 1566 724 commo-

272 743 364 799 vit,
383 755 446 802 et,
467 743 659 808 Longius
678 781 691 803 ‚
709 745 876 810 inquit,
895 746 1120 804 discedite,
1137 764 1190 794 ne
1212 763 1295 795 vos
1312 765 1386 795 rex
1406 748 1566 796 audiat.

274 818 395 865 ldem
419 819 605 881 quadam
627 819 756 867 nocie
775 856 789 877 ,
813 837 913 866 cum
934 820 1152 883 quosdam
1169 836 1222 865 ex
1252 819 1462 867 militibus
1484 819 1567 867 suis

273 891 533 950 exaudisset,
555 892 703 939 omnia
731 893 845 939 mala
874 892 1165 957 imprecantes
1197 892 1316 957 regi,
1345 893 1419 956 qui
1450 893 1566 956 ipsos

274 965 321 1012 in
335 965 439 1012 illud
456 967 539 1013 iter
559 981 602 1013 et
621 966 926 1013 inextricabile
941 967 1084 1014 lutum
1103 968 1372 1025 deduxisset,
1391 969 1566 1016 acceffit

276 1038 331 1085 ad
350 1055 429 1085 eos
455 1039 532 1102 qui
550 1039 740 1086 maxime
767 1039 1052 1086 laborabant:
1077 1050 1120 1086 et
1144 1057 1243 1086 cum
1263 1040 1514 1103 ignorantes
1542 1058 1567 1087 a

276 1128 369 1174 quo
397 1112 711 1158 adiuvarentur
729 1146 742 1168 ,
762 1111 1057 1174 explicuisset:
1086 1112 1218 1158 Nunc
1235 1147 1248 1170 ‚
1273 1112 1441 1174 inquit,
1479 1129 1569 1158 ma-

275 1183 447 1230 ledicite
466 1185 694 1248 Antigono
712 1218 725 1240 ,
747 1183 870 1230 cuius
890 1183 1003 1231 vitio
1027 1183 1073 1229 in
1093 1184 1167 1230 has
1193 1183 1386 1230 miserias
1412 1183 1568 1231 incidi·
1610 1230 1613 1231 ⁷

276 1258 349 1305 stis
368 1277 378 1305 t
399 1260 439 1305 ei
459 1272 603 1306 autem
627 1259 931 1319 benemptate‚
961 1258 1141 1322 quivos
1168 1275 1221 1305 ex
1241 1258 1323 1305 hac
1354 1258 1569 1322 voragine

277 1332 445 1378 eduxit.
466 1332 584 1378 ldem
606 1343 692 1378 tam
720 1331 815 1377 miti
838 1331 990 1377 animo
1013 1330 1201 1378 hostium
1228 1331 1405 1378 suorum
1431 1331 1568 1379 male-

278 1404 422 1460 dicta,
453 1421 585 1468 quam
620 1403 796 1450 civium
828 1403 942 1450 tulit.
981 1405 1131 1466 ltaque
1167 1419 1266 1449 cum
1296 1403 1342 1448 in
1378 1403 1569 1465 parvulo

278 1478 475 1541 quodam
498 1476 674 1525 castello
692 1476 854 1522 Graeci
879 1475 1182 1522 obsiderentur
1197 1507 1211 1531 ‚
1238 1489 1281 1522 et
1300 1474 1460 1522 fiducia
1480 1475 1570 1522 loci

279 1564 616 1599 contemnentes
650 1550 821 1598 bostem
848 1550 985 1597 multa
1014 1549 1059 1596 in
1085 1548 1410 1597 deformitatem
1443 1548 1571 1595 Anti-

278 1624 386 1688 goni
416 1624 696 1679 iocarentur,
726 1638 769 1671 et
803 1639 920 1669 nunc
949 1620 1153 1668 staturam
1182 1621 1388 1668 humilem
1408 1656 1422 1679 ‚
1454 1638 1571 1669 nunc

277 1699 479 1748 collisum
512 1699 663 1745 nasum
691 1698 967 1744 deriderent:
989 1697 1178 1743 Gaudeo
1198 1731 1212 1752 ‚
1230 1696 1404 1760 inquit,
1435 1710 1478 1743 et
1495 1696 1571 1743 ali-

277 1772 386 1835 quid
419 1771 526 1818 boni
556 1770 717 1834 spero:
743 1770 773 1816 fi
800 1770 844 1816 in
879 1768 1024 1816 castris
1052 1769 1162 1815 meis
1184 1768 1377 1816 Silenum
1409 1769 1571 1817 habeo.

277 1846 395 1890 Cum
413 1845 495 1890 hos
515 1843 686 1891 dicaces
705 1843 821 1890 fame
842 1840 1079 1889 domuisset
1097 1876 1112 1900 ‚
1130 1841 1268 1904 captis
1288 1841 1345 1890 fic
1367 1841 1465 1889 usus
1485 1841 1570 1900 est,

277 1929 325 1964 ut
343 1934 421 1964 eos
439 1916 516 1980 qui
542 1915 719 1963 militiae
743 1916 869 1967 utiles
890 1929 1013 1962 erant
1026 1951 1039 1974 ,
1059 1914 1105 1961 in
1124 1915 1334 1962 cohortes
1353 1914 1571 1972 describe-

277 2003 371 2049 ret,
399 2003 570 2038 ceteros
590 1989 803 2053 praeconi
828 1988 1058 2037 subiiceret
1077 2007 1088 2036 t
1115 1988 1159 2034 id
1180 2005 1358 2052 quoque
1376 1988 1419 2036 se
1442 2005 1571 2051 nega-

276 2062 345 2109 vit
373 2061 588 2109 facturum
614 2060 738 2107 fuiffe
754 2096 767 2118 ‚
790 2059 868 2107 nisi
897 2060 1127 2124 expediret
1147 2060 1215 2107 his
1242 2060 1473 2108 dominum
1500 2063 1572 2108 ha·

275 2137 382 2183 bere
397 2172 411 2193 ‚
439 2138 515 2199 qui
534 2150 622 2183 tam
641 2136 800 2183 malam
815 2137 1025 2185 haberent
1045 2138 1251 2202 linguam.
1275 2137 1416 2184 Huius
1430 2153 1570 2200 nepos

275 2209 360 2256 fuit
389 2210 665 2266 Alexander,
692 2210 770 2273 qui
804 2210 1000 2256 lanceam
1034 2209 1080 2256 in
1106 2211 1328 2257 convivas
1350 2209 1450 2256 suos
1480 2221 1572 2257 tor-

276 2284 442 2346 quebat
456 2319 469 2341 ‚
491 2283 566 2346 qui
589 2300 644 2330 ex
666 2283 839 2330 duobus
861 2282 1011 2330 am1cis
1029 2299 1142 2346 quos
1161 2283 1293 2345 paulo
1313 2283 1570 2342 ante'retuli,

278 2355 464 2402 alterum
501 2355 621 2403 ferae
659 2355 851 2413 obiecit,
888 2356 1072 2402 alterum
1094 2354 1184 2401 fibi.
1205 2358 1272 2403 Ex
1300 2355 1368 2405 his
1392 2356 1570 2404 duobus

275 2437 423 2474 tamen
440 2462 456 2486 ‚
487 2427 564 2492 qui
591 2428 711 2478 leoni
739 2428 941 2477 obicitus
972 2427 1065 2487 est,
1104 2426 1230 2478 vixit.
