1741 2919
502 159 606 210 DE
651 161 784 207 IRA
840 161 1452 226 LIB.111.103

157 269 319 334 efficit..:
308 268 498 418 ¹{elnde
532 269 778 329 custodiet,
798 287 853 318 ne
883 270 1084 318 recidat:
1108 269 1246 334 ipsum
1272 287 1458 334 quoque

156 332 327 406 impetu
382 379 400 406 ,
423 360 558 416 quem
587 360 681 390 non
715 343 848 390 audet
872 341 1038 400 lenire,
1069 341 1201 392 fallet.
1229 345 1456 390 Remove-2-

156 417 222 465 bit
256 420 413 476 omnia
433 412 612 473 ultionis
646 419 949 467 instrumenta.
985 420 1241 467 fimulabit
1230 437 1370 478 iram,
1404 433 1459 468 ut

156 502 360 556 tanquam
375 494 623 551 adiutor‚et
642 492 813 539 doloris
833 509 987 540 comes
1008 493 1104 556 plus
1124 455 1417 540 a11&0ritatis
1407 509 1459 540 im

156 565 346 615 confiliis
358 567 525 615 habeat.
541 584 689 615 moras
710 568 876 614 neblet:
894 578 936 614 et
955 568 1060 614 dum
1081 566 1296 614 maiorem
1318 582 1456 629 quaes

156 640 213 687 rit
230 657 441 703 poenam,
471 640 745 705 praesentem
767 640 941 688 differet
963 660 972 687 ε
996 641 1121 687 omni
1141 652 1231 688 arte
1253 640 1455 703 requiem

155 712 299 762 furori
325 712 459 761 dabit.
491 714 534 760 Si
558 713 870 761 vehementior
895 714 1006 771 erit3
1037 729 1112 761 aut
1142 714 1361 776 pudorem
1389 711 1456 759 illi

157 785 228 833 cui
248 802 340 833 non
357 785 549 845 resistat,
574 786 787 844 incutiet,
815 799 888 833 aut
913 801 1096 834 metum.
1132 787 1176 834 Si
1206 785 1458 839 infirmior;

156 858 381 906 sermones
400 859 587 916 inferet,
614 861 688 909 vel
707 874 856 924 gratos
872 897 884 919 ,
909 861 985 909 vel
1007 878 1153 908 novos
1171 897 1184 919 ‚
1212 872 1254 908 et
1283 857 1462 923 cupidi«-

154 942 242 988 tate
260 934 560 998 cognoscendi
582 934 805 982 avocabit.
828 935 1058 982 Medicum
1085 934 1206 981 aiunt
1227 969 1240 991 ,
1264 948 1365 979 cum
1385 948 1459 978 re-²

156 1006 221 1071 gis
240 1006 374 1054 filiam
395 1023 548 1056 curare
569 1008 779 1064 deberet,
805 1025 886 1057 nec
903 1008 992 1056 {ine
1010 1008 1130 1056 ferro
1152 1007 1328 1072 posset,
1349 1007 1457 1053 dumi

156 1092 404 1131 tumentem
425 1099 662 1129 mammam
686 1082 849 1129 leviter
869 1081 935 1128 fo
921 1093 1026 1140 v,et
1048 1080 1296 1145 scalpellum
1321 1079 1459 1143 spone

156 1156 226 1220 gia
262 1157 427 1203 teffilum
466 1155 697 1204 induxisse.
736 1155 1031 1220 Repugnasset
1069 1155 1214 1219 puella
1256 1154 1468 1201 remedio*

157 1230 301 1294 palam
319 1230 507 1277 admoto
527 1248 537 1277 :
560 1231 713 1278 eadem
730 1265 746 1288 ‚
766 1230 872 1294 quia
891 1246 985 1278 non
1005 1228 1303 1293 exspectavit,
1325 1226 1461 1274 dolo-22—

157 1319 252 1350 rem
275 1302 389 1349 tulit.

223 1376 321 1421 XL.
357 1375 591 1436 Quaedam
625 1391 717 1421 non
744 1373 823 1421 nifi
857 1374 1040 1437 decepta
1069 1373 1285 1421 sanantur.
1319 1373 1464 1422 Alteri

157 1448 307 1497 dices:
328 1448 444 1496 Vide
471 1467 527 1497 ne
560 1449 752 1496 inimicis
781 1449 1007 1496 iracundia
1041 1460 1114 1495 tua
1144 1448 1368 1512 voluptati
1396 1446 1474 1498 fita

160 1524 298 1570 Alteri
320 1540 332 1570 ε
358 1523 475 1570 Vide
495 1540 550 1571 ne
577 1524 841 1588 magnitudo
865 1523 1000 1570 animi
1028 1523 1091 1569 tui
1110 1559 1124 1581 ‚
1152 1523 1461 1587 creditumque

161 1597 278 1660 apud
298 1597 534 1659 plerosque
562 1596 702 1642 robur
720 1631 733 1653 ‚
766 1596 905 1644 cadat.
934 1595 1147 1660 Indignor
1178 1596 1464 1656 mehercule,

160 1686 204 1722 et
225 1689 316 1720 non
339 1671 527 1719 invenio
547 1670 728 1718 dolendi
749 1672 937 1718 modum
961 1690 970 1718 :
994 1672 1065 1718 sed
1085 1683 1258 1733 tempus
1277 1671 1464 1735 exspec-

161 1747 341 1794 tandum
373 1744 448 1792 est.
476 1745 598 1792 dabit
615 1761 794 1808 poenas.
824 1746 956 1793 Serva
976 1745 1088 1792 istud
1110 1746 1152 1791 in
1185 1747 1337 1793 animo
1363 1759 1460 1794 tuoa

163 1838 261 1869 cum
288 1819 518 1884 potueris,
543 1831 586 1866 et
617 1835 701 1883 pro
730 1833 857 1865 mora
889 1820 1059 1867 reddes.
1092 1819 1316 1883 Castigare
1349 1836 1463 1869 vero

162 1894 415 1942 irascentem
431 1930 446 1952 ‚
471 1908 515 1941 et
534 1892 652 1940 ultro
673 1891 861 1940 obirasci
879 1928 893 1952 ‚
919 1894 1106 1942 incitare
1125 1893 1200 1941 est.
1221 1895 1357 1942 Varie
1385 1912 1463 1961 ag-

162 1968 372 2033 gredieris
386 2002 401 2026 ,
420 1967 665 2031 blandeque
679 1986 694 2012 :1
708 1965 785 2012 nisi
799 1965 915 2012 forte
933 1977 1050 2013 tanta
1072 1966 1259 2030 persona
1278 1968 1365 2014 eris
1379 2003 1392 2023 ,
1412 1981 1462 2016 ut

163 2042 296 2106 poffis
312 2042 422 2089 iram
443 2041 750 2090 comminuere
768 2058 781 2089 a
799 2040 1181 2104 quemadmodum
1203 2042 1310 2090 fecit
1331 2043 1464 2090 divus

166 2115 416 2180 Augustus,
443 2133 545 2164 cum
577 2119 786 2163 'coenaret
821 2114 937 2178 apud
971 2116 1163 2163 Vedium
1201 2116 1466 2165 Pollionem.

164 2186 381 2254 Fregerat.
400 2206 513 2237 unus
538 2205 595 2236 ex
613 2188 749 2236 servis
768 2187 860 2234 eius
887 2188 1207 2253 crystallinum.
1236 2191 1331 2254 rapi
1360 2207 1461 2238 eum
1501 2216 1512 2244 4

168 2264 335 2312 Vedius
353 2263 496 2323 iussu,
515 2280 597 2311 nec
615 2262 786 2327 vulgari
805 2262 987 2327 quidem
1014 2265 1258 2327 periturum
1284 2277 1429 2314 morte
1450 2284 1462 2313 z

167 2337 388 2385 muraenis
419 2336 557 2386 obiici
586 2338 844 2393 iubebatur,
866 2354 972 2401 quas
1000 2337 1198 2402 ingentes
1223 2338 1268 2384 in
1298 2339 1463 2402 piscina

166 2413 438 2461 continebat.
455 2413 570 2475 Quis
587 2430 679 2459 non
697 2414 784 2460 hoc
797 2412 919 2459 illum
941 2424 1114 2475 putaret
1127 2413 1321 2462 luxuriae
1341 2413 1463 2462 causa

165 2486 342 2536 facere?
361 2486 540 2536 saevitia
563 2499 670 2536 erat.
693 2486 837 2534 Evasit
862 2504 886 2535 e
906 2486 1108 2535 manibus
1132 2504 1241 2549 puer
1257 2524 1271 2546 ‚
1298 2501 1339 2534 et
1358 2505 1466 2535 con-

1100 2556 1144 2599 G
1180 2572 1209 2612 4
