1741 2919
336 130 851 207 coNsoLATio
888 148 991 195 AD
1040 149 1252 198 HELV.
1361 167 1449 214 ηρ

158 253 304 302 minus
334 243 458 302 beate
487 254 670 301 vivebat
696 254 883 300 diet-ator
903 253 1075 314 noster,
1106 256 1180 319 qui
1206 255 1450 304 Samnitum

155 327 321 391 legatos
353 329 504 383 audit,
540 345 638 375 cum
673 328 925 373 viliffimum
959 329 1105 375 cibum
1137 330 1181 375 in
1216 328 1324 377 foco
1359 331 1450 393 ipse

157 416 290 445 manu
319 401 392 446 sua
418 400 637 458 versaret,
663 399 734 445 illa
753 435 764 456 ,
793 417 882 463 qua
903 400 988 445 iam
1017 400 1139 462 saepe
1161 401 1328 448 hostem
1349 419 1451 465 per-

157 471 366 528 misserat,
386 472 666 533 laureamque
697 472 741 517 in
770 471 1011 532 Capitolini
1044 473 1162 520 lovis
1185 473 1360 535 gremio
1378 492 1451 521 re-

156 544 390 605 posuerat,
423 559 554 606 quam
575 542 759 602 Apicius
786 541 931 588 nostra
958 544 1173 589 memoria
1201 544 1337 591 vixit!
1370 546 1448 610 qui

155 618 202 663 in
223 634 272 663 ea
294 616 426 673 urbe,
455 633 509 662 ex
538 633 624 679 qua
644 617 882 680 aliquando
904 617 1181 679 philosophi,
1203 618 1327 665 velut
1347 636 1448 667 cor-

116 684 121 693 ¹
156 702 360 754 ruptores
380 689 620 737 iuventutis
637 726 649 747 ,
671 690 792 736 abire
809 689 902 735 iuffi
928 690 1049 744 sunt,
1073 690 1294 741 scientiam
1315 693 1450 756 popi-

153 781 233 810 nae
254 762 499 827 professus,
535 763 760 825 disciplina
789 762 861 809 sua
888 763 1076 810 seculum
1109 763 1293 811 infecit:
1323 767 1446 814 cuius

152 837 317 885 exitum
349 831 470 883 nofl'e
507 851 670 900 operae
707 837 896 900 pretium
934 837 1007 883 est.
1052 837 1169 884 Cum
1203 837 1445 888 sestertium

153 911 309 957 millies
344 910 389 956 in
422 910 614 957 culinam
647 908 948 973 congessisset,
983 927 1085 957 cum
1120 926 1189 958 tot
1223 913 1449 976 congiaria

153 983 402 1047 principum
427 1019 440 1040 ,
465 995 507 1029 et
535 983 687 1046 ingens
706 982 920 1044 Capitolii
954 983 1138 1047 veffigal
1163 983 1337 1047 lingulis
1367 1003 1448 1033 co-

151 1055 480 1103 messationibus
496 1054 800 1118 exsotpfiffem
825 1072 924 1102 aere
943 1055 1088 1102 alieno
1110 1057 1337 1119 oppressus
1351 1096 1363 1115 ,
1382 1077 1447 1106 ra-

150 1130 294 1176 tiones
314 1129 405 1175 suas
427 1141 530 1175 tunc
553 1129 743 1192 primum
772 1129 946 1175 condius
970 1128 1171 1192 inspexit.
1196 1130 1444 1193 superfutu-

148 1218 245 1248 rum
270 1201 346 1248 fibi
378 1201 619 1249 sestertium
648 1202 813 1250 centies
839 1203 1117 1265 computavit
1143 1220 1155 1249 :
1183 1215 1226 1249 et
1258 1206 1381 1252 velut
1400 1207 1447 1254 in

149 1276 300 1323 ultima
326 1274 443 1322 fame
466 1277 689 1334 viEturus,
710 1276 740 1322 fi
767 1276 813 1322 in
837 1274 1029 1322 sestertio
1051 1277 1215 1324 centies
1239 1279 1445 1343 vixisset,

150 1365 329 1395 veneno
361 1349 499 1395 vitam
534 1349 693 1396 finivit.
729 1351 906 1410 Quanta
929 1350 1105 1395 luxuria
1135 1365 1254 1410 erat,
1286 1353 1356 1400 cui
1381 1354 1446 1400 ie-

148 1419 347 1466 ssertium
379 1421 541 1468 centies
567 1420 727 1483 egestas
754 1421 859 1469 fuit.
852 1422 868 1453 ²
895 1425 910 1469 1
932 1440 1077 1478 nunc,
1113 1435 1156 1470 et
1174 1437 1274 1487 puta
1305 1443 1445 1489 pecu-

149 1493 248 1540 niae
266 1495 449 1540 modum
472 1495 527 1540 ad
550 1511 644 1541 rem
667 1494 911 1577 pertinere,
931 1513 1024 1542 non
1042 1496 1189 1543 animi.

215 1569 295 1616 XI.
326 1568 576 1616 Sestertium
602 1569 767 1617 centies
796 1569 953 1632 aliquis
983 1570 1222 1617 extimuit.
1243 1584 1287 1618 et
1319 1572 1445 1635 quod

148 1643 222 1690 alii
240 1655 352 1690 voto
372 1656 556 1705 petunt,
576 1658 752 1689 veneno
781 1642 909 1706 sugit.
939 1643 1001 1690 illi
1028 1659 1141 1691 vero
1171 1656 1258 1690 tam
1281 1662 1445 1708 pravae

149 1717 308 1764 mentis
333 1716 507 1762 homini
533 1716 685 1764 ultima
714 1716 844 1780 potio
879 1717 1160 1764 saluberrima
1185 1716 1283 1765 fuit.
1312 1721 1445 1767 Tunc

147 1806 320 1838 venena
339 1790 495 1837 edebat
522 1789 809 1853 bibebatque,
828 1806 930 1836 cum
952 1789 1172 1837 immensis
1190 1790 1330 1853 epulis
1348 1808 1444 1839 non

149 1863 436 1912 delestaretur
461 1873 656 1920 tantum,
683 1861 756 1908 sed
786 1861 1078 1926 gloriaretur,
1099 1880 1200 1910 cum
1231 1863 1338 1911 vitia
1371 1864 1446 1913 sua

147 1936 384 1985 ostentaret
400 1969 415 1992 ,
438 1953 539 1984 cum
561 1936 784 1983 civitatem
802 1936 847 1981 in
869 1935 1085 1982 luxuriam
1103 1935 1221 1982 suam
1246 1953 1445 1985 conver-

148 2023 288 2069 teret,
311 2028 413 2059 cum
441 2011 719 2058 iuventutem
749 2010 803 2057 ad
834 2009 1127 2057 imitationem
1161 2009 1223 2057 sui
1253 2011 1446 2059 solicita-

145 2096 214 2131 ret
228 2119 241 2141 ‚
261 2083 393 2131 etiam
414 2082 502 2130 fine
531 2081 653 2129 malis
673 2081 887 2144 exemplis
915 2081 1052 2144 perase
1070 2081 1280 2131 docilem.
1321 2084 1446 2132 Haec

146 2157 352 2205 accidunt
387 2157 565 2205 divitias
603 2172 695 2202 non
737 2156 791 2202 ad
828 2155 1048 2203 rationem
1097 2158 1447 2217 revocantibus,

146 2232 269 2280 cuius
282 2228 388 2280 certi
404 2231 499 2278 sunt
517 2230 626 2278 fines
643 2249 652 2277 :
668 2231 741 2277 sed
760 2231 815 2278 ad
839 2229 1043 2278 vitiosam
1059 2230 1421 2278 consuetudinem
1433 2267 1450 2290 ,

150 2304 274 2352 cuius
294 2303 556 2351 immensum
577 2315 620 2350 et
646 2302 1089 2366 incomprehensibile
1118 2304 1356 2351 arbitrium
1372 2305 1451 2354 est.

150 2376 396 2440 Cupiditati
424 2377 531 2424 nihil
558 2376 656 2424 satis
682 2376 744 2423 est
764 2389 974 2424 :naturae
1001 2377 1099 2425 satis
1129 2377 1192 2425 est
1217 2379 1347 2426 etiam
1369 2397 1450 2443 pa-

149 2468 263 2501 rum.
296 2449 476 2497 Nullum
511 2466 619 2513 ergo
648 2467 881 2513 paupertas
915 2451 1070 2500 exsulis
1105 2451 1451 2503 incommodum

213 2518 264 2571 L.
286 2519 412 2564 Arm.
441 2520 615 2566 Seneca.
645 2519 742 2565 Vol.
762 2518 801 2564 J,
1163 2519 1181 2565 Ι
