1741 2919
271 136 372 196 ,92
540 132 943 183 L4ANNAE1
1007 96 1436 182 sENE'CAE'

309 236 466 284 iuriam
496 236 722 285 sustinere.
755 239 973 286 Mentiris.
1008 239 1106 304 quis
1134 239 1252 286 enim
1283 237 1486 286 iniuriam
1514 251 1607 286 non

307 309 454 372 potest
474 309 614 367 ferre,
639 311 715 373 qui
736 311 880 375 potest
903 313 1010 359 iram
1034 314 1050 359 ?
1072 312 1228 360 Adiice
1248 329 1366 359 nunc
1381 345 1395 368 ‚
1417 313 1539 376 quod
1557 312 1605 359 id

305 380 399 444 agis
428 393 475 428 ut
503 394 546 430 et
572 383 682 430 iram
704 384 840 440 feras,
868 396 910 432 et
942 385 1160 433 iniuriam.
1186 387 1338 446 Quare
1367 386 1454 432 fers
1485 385 1604 448 aegri

307 455 506 513 rabiem,
546 469 591 503 et
622 455 867 519 phrenetici
897 458 1061 505 verba?
1097 475 1337 522 puerorum
1374 468 1606 521 protervas

306 529 496 575 manus?
520 546 678 593 nempe
710 532 811 595 quia
840 532 1047 579 videntur
1075 531 1238 578 nescire
1256 567 1270 588 ,
1298 530 1406 595 quid
1426 529 1604 578 faciant.

305 600 430 661 Quid
453 601 664 661 interest,
701 621 794 666 quo
829 605 1017 668 quisque
1053 604 1168 651 vitio
1202 602 1276 651 fiat
1307 604 1600 666 imprudens?

304 675 605 738 imprudentia
636 695 714 741 par
733 670 789 725 in*
805 672 1345 741 omnibus'patrocinium
1372 677 1447 725 est.
1479 675 1604 737 Quid

294 758 414 813 'ergo
436 749 454 796 Ξ*
473 749 633 814 inquis.
652 752 835 815 impune
856 752 918 799 illi
941 753 1059 800 erit?
1081 754 1210 809 Puta,
1232 763 1274 798 te
1294 751 1407 799 velle
1426 769 1436 796 :
1457 762 1605 797 tamen

305 837 400 866 non
420 820 515 868 erit.
546 822 744 869 Maxima
761 822 822 870 est
839 823 957 872 enim
979 825 1115 874 factae
1133 825 1318 873 iniuriae
1339 842 1485 888 poena
1499 860 1512 883 ,
1536 824 1604 870 fe-

305 894 440 941 ciss‘e:
470 912 552 944 nec
581 897 816 960 quisquam
848 900 1026 960 gravius
1055 898 1264 955 afficitur,
1292 914 1422 961 quam
1448 896 1526 960 qui
1551 896 1606 942 ad

307 968 569 1032 supplicium
591 970 890 1032 poenitentiae
909 974 1108 1021 traditur.
1135 973 1344 1037 Denique
1365 971 1419 1019 ad
1445 970 1606 1019 condi-

246 1083 248 1086 ,
309 1040 482 1087 tionem
503 1058 650 1089 rerum
673 1042 963 1091 humanarum
984 1045 1305 1109 respiciendum
1326 1043 1389 1091 est
1403 1080 1416 1102 ‚
1435 1055 1484 1091 ut
1501 1059 1606 1089 om-

309 1113 433 1160 nium
463 1114 756 1163 accidentium
784 1118 913 1181 aequi
945 1119 1113 1166 iudices
1138 1118 1299 1165 fimus:
1327 1117 1504 1181 iniquus
1528 1133 1606 1162 au-

310 1196 401 1232 tem
426 1185 518 1244 est,
544 1187 621 1251 qui
639 1205 883 1237 commune
907 1191 1065 1238 vitium
1090 1191 1264 1255 lingulis
1290 1190 1468 1238 obiecit.
1497 1190 1606 1236 Non

311 1258 374 1305 est
394 1261 627 1323 Aethiopis
660 1262 772 1309 inter
808 1263 906 1311 suos
934 1263 1157 1328 insignitus
1183 1266 1311 1314 color
1331 1282 1345 1321 ;
1367 1281 1449 1312 nec
1480 1262 1607 1310 rufus

311 1331 446 1379 crinis
477 1343 520 1380 et
546 1334 725 1381 coactus
754 1335 801 1381 in
837 1337 1008 1384 nodum
1032 1338 1150 1401 apud
1176 1339 1432 1385 Germanos
1453 1333 1604 1382 virum

312 1405 511 1454 dedecet.
526 1408 650 1454 Nihil
670 1409 713 1454 in
733 1427 826 1456 uno
845 1412 1063 1459 iudicabis
1080 1414 1275 1460 notabile
1297 1427 1368 1459 aut
1387 1411 1568 1457 foedum
1585 1440 1604 1464 ,

312 1480 439 1541 quod
467 1481 585 1543 genti
618 1482 717 1528 suae
749 1484 971 1545 publicum
1001 1485 1078 1532 est.
1109 1490 1172 1532 At
1201 1485 1278 1532 ista
1305 1501 1415 1549 quae
1440 1483 1565 1530 retuli
1587 1517 1604 1540 ‚

314 1552 444 1604 unius
481 1555 676 1618 regionis
714 1569 845 1619 atque
882 1559 1030 1623 anguli
1065 1560 1344 1606 consuetudo
1379 1557 1604 1604 defendit:

314 1626 422 1674 vide
448 1646 563 1674 nunc
593 1641 759 1693 quanto
781 1630 826 1676 in
858 1632 927 1680 his
948 1633 1103 1680 iustior
1132 1633 1264 1681 venia
1292 1633 1372 1691 fit,
1395 1647 1505 1697 quae
1523 1645 1603 1694 per

315 1712 459 1747 totum
484 1719 622 1765 genus
649 1703 890 1752 humanum
915 1708 1091 1771 vulgata
1117 1708 1227 1755 sunt.
1248 1708 1420 1753 Omnes
1441 1705 1604 1751 incon-

315 1772 410 1820 sulti
447 1788 490 1822 et
516 1776 762 1839 improvidi
798 1779 970 1837 sumus,
999 1798 1153 1827 omnes
1185 1781 1374 1838 incerti,
1404 1779 1606 1843 queruli,

315 1848 551 1895 ambitiosi.
589 1851 713 1910 Quid
742 1851 985 1900 lenioribus
1016 1854 1163 1902 verbis
1188 1855 1341 1901 hulcus
1374 1853 1604 1916 publicum

316 1920 577 1969 abscondo?
606 1939 761 1972 omnes
788 1927 891 1972 mali
920 1927 1077 1974 sumus.
1108 1927 1345 1990 Quidquid
1376 1927 1522 1989 itaque
1555 1927 1604 1972 in

315 1994 406 2041 alio
426 1996 787 2058 reprehenditur,
807 1999 852 2046 id
871 2000 1169 2064 unusquisque
1190 2002 1236 2046 in
1257 2000 1338 2046 suo
1360 2000 1452 2046 finu
1469 1999 1605 2047 inve-

316 2067 421 2113 niet.
441 2068 564 2128 Quid
589 2069 702 2120 illius
725 2071 936 2133 pallorem
956 2106 971 2126 ,
995 2072 1108 2119 illius
1125 2074 1310 2120 maciem
1332 2072 1490 2121 notas?
1522 2089 1605 2135 pe-

316 2139 502 2187 stilentia
529 2141 602 2188 est.
627 2143 894 2193 Placidiores
921 2148 1066 2210 itaque
1093 2147 1287 2195 invicem
1315 2146 1458 2193 fimus.
1500 2147 1606 2195 mali

314 2212 431 2260 inter
454 2213 595 2262 malos
616 2216 822 2265 vivimus.
842 2221 944 2265 Una
970 2236 1039 2265 res
1058 2235 1140 2265 nos
1158 2218 1302 2265 facere
1321 2218 1464 2281 potest
1481 2219 1604 2283 quie-

316 2298 414 2346 tos,
441 2302 617 2336 mutuae
645 2290 861 2339 facilitatis
881 2293 1142 2339 conventio.
1170 2293 1244 2340 llle
1272 2293 1382 2340 mihi
1407 2293 1494 2339 iam
1521 2309 1604 2340 no-

315 2361 408 2408 cuit
431 2381 440 2407 :
463 2379 548 2426 ego
577 2364 639 2410 illi
661 2367 880 2413 nondum.
905 2367 978 2414 sed
997 2366 1083 2413 iam
1107 2367 1297 2431 aliquem
1318 2366 1495 2415 fortaffe
1512 2366 1604 2414 lae-e

315 2432 398 2482 fisti
420 2453 430 2482 ;
451 2436 522 2484 sed
547 2437 705 2488 laedes,
