<?xml version="1.0" encoding="UTF-8"?>
<!DOCTYPE html PUBLIC "-//W3C//DTD XHTML 1.0 Transitional//EN"
    "http://www.w3.org/TR/xhtml1/DTD/xhtml1-transitional.dtd">
<html xmlns="http://www.w3.org/1999/xhtml" xml:lang="en" lang="en">
 <head>
  <title>
</title>
<meta http-equiv="Content-Type" content="text/html;charset=utf-8" />
  <meta name='ocr-system' content='tesseract 3.04.00' />
  <meta name='ocr-capabilities' content='ocr_page ocr_carea ocr_par ocr_line ocrx_word'/>
</head>
<body>
  <div class='ocr_page' id='page_1' title='image "./lannaeisenecaeph01seneuoft_0132.png"; bbox 0 0 1741 2919; ppageno 0'>
   <div class='ocr_carea' id='block_1_1' title="bbox 279 124 1344 178">
    <p class='ocr_par' dir='ltr' id='par_1_1' title="bbox 279 124 1344 178">
     <span class='ocr_line' id='line_1_1' title="bbox 279 124 1344 178; baseline 0.005 -4"><span class='ocrx_word' id='word_1_1' title='bbox 279 124 344 174; x_wconf 79' lang='lat'><strong>86</strong></span> <span class='ocrx_word' id='word_1_2' title='bbox 541 128 590 174; x_wconf 91' lang='lat' dir='ltr'><strong>L.</strong></span> <span class='ocrx_word' id='word_1_3' title='bbox 642 125 936 174; x_wconf 86' lang='lat' dir='ltr'>ANNAEI</span> <span class='ocrx_word' id='word_1_4' title='bbox 986 128 1344 178; x_wconf 85' lang='lat' dir='ltr'>SENECAE</span> 
     </span>
    </p>
   </div>
   <div class='ocr_carea' id='block_1_2' title="bbox 216 234 1575 2510">
    <p class='ocr_par' dir='ltr' id='par_1_2' title="bbox 278 234 1575 370">
     <span class='ocr_line' id='line_1_2' title="bbox 278 234 1575 298; baseline 0.006 -17"><span class='ocrx_word' id='word_1_5' title='bbox 278 234 483 282; x_wconf 75' lang='lat' dir='ltr'><strong>ultimum</strong></span> <span class='ocrx_word' id='word_1_6' title='bbox 512 234 709 298; x_wconf 84' lang='lat' dir='ltr'><strong>spiritum</strong></span> <span class='ocrx_word' id='word_1_7' title='bbox 745 236 916 284; x_wconf 78' lang='lat' dir='ltr'><strong>trahere</strong></span> <span class='ocrx_word' id='word_1_8' title='bbox 947 256 958 283; x_wconf 92' lang='lat'>:</span> <span class='ocrx_word' id='word_1_9' title='bbox 988 237 1040 283; x_wconf 87' lang='lat' dir='ltr'><strong>da</strong></span> <span class='ocrx_word' id='word_1_10' title='bbox 1074 238 1269 286; x_wconf 80' lang='lat' dir='ltr'>exiturae</span> <span class='ocrx_word' id='word_1_11' title='bbox 1295 239 1467 289; x_wconf 85' lang='lat' dir='ltr'><strong>animae</strong></span> <span class='ocrx_word' id='word_1_12' title='bbox 1500 239 1575 294; x_wconf 76' lang='grc' dir='ltr'><strong>1οέ</strong></span> 
     </span>
     <span class='ocr_line' id='line_1_3' title="bbox 278 307 1326 370; baseline 0 -15"><span class='ocrx_word' id='word_1_13' title='bbox 278 323 380 355; x_wconf 87' lang='lat' dir='ltr'><strong>cum</strong></span> <span class='ocrx_word' id='word_1_14' title='bbox 404 325 413 353; x_wconf 92' lang='lat'>:</span> <span class='ocrx_word' id='word_1_15' title='bbox 433 308 562 354; x_wconf 85' lang='lat' dir='ltr'><strong>liceat</strong></span> <span class='ocrx_word' id='word_1_16' title='bbox 580 307 699 353; x_wconf 85' lang='lat' dir='ltr'><strong>illam</strong></span> <span class='ocrx_word' id='word_1_17' title='bbox 722 324 811 353; x_wconf 85' lang='lat' dir='ltr'><strong>non</strong></span> <span class='ocrx_word' id='word_1_18' title='bbox 832 324 909 370; x_wconf 86' lang='lat' dir='ltr'><strong>per</strong></span> <span class='ocrx_word' id='word_1_19' title='bbox 930 309 1092 356; x_wconf 82' lang='lat' dir='ltr'><strong>vulnus</strong></span> <span class='ocrx_word' id='word_1_20' title='bbox 1110 310 1326 357; x_wconf 87' lang='lat' dir='ltr'><strong>emittere.</strong></span> 
     </span>
    </p>

    <p class='ocr_par' dir='ltr' id='par_1_3' title="bbox 216 379 1574 2510">
     <span class='ocr_line' id='line_1_4' title="bbox 343 379 1573 449; baseline 0.006 -24"><span class='ocrx_word' id='word_1_21' title='bbox 343 380 455 426; x_wconf 80' lang='lat' dir='ltr'><strong>XX.</strong></span> <span class='ocrx_word' id='word_1_22' title='bbox 476 381 682 427; x_wconf 83' lang='lat' dir='ltr'><strong>Adiicere</strong></span> <span class='ocrx_word' id='word_1_23' title='bbox 698 380 763 427; x_wconf 83' lang='lat' dir='ltr'><strong>his</strong></span> <span class='ocrx_word' id='word_1_24' title='bbox 783 379 966 444; x_wconf 75' lang='lat' dir='ltr'><strong>longum</strong></span> <span class='ocrx_word' id='word_1_25' title='bbox 987 381 1047 428; x_wconf 91' lang='lat' dir='ltr'><strong>est</strong></span> <span class='ocrx_word' id='word_1_26' title='bbox 1060 418 1074 440; x_wconf 88' lang='lat'>‚</span> <span class='ocrx_word' id='word_1_27' title='bbox 1090 383 1213 446; x_wconf 85' lang='lat' dir='ltr'><strong>quod</strong></span> <span class='ocrx_word' id='word_1_28' title='bbox 1231 397 1374 447; x_wconf 88' lang='lat' dir='ltr'><strong>patres</strong></span> <span class='ocrx_word' id='word_1_29' title='bbox 1392 401 1573 449; x_wconf 88' lang='lat' dir='ltr'><strong>quoque</strong></span> 
     </span>
     <span class='ocr_line' id='line_1_5' title="bbox 276 452 1573 519; baseline 0.004 -19"><span class='ocrx_word' id='word_1_30' title='bbox 276 452 533 500; x_wconf 87' lang='lat' dir='ltr'><strong>occisorum</strong></span> <span class='ocrx_word' id='word_1_31' title='bbox 556 455 711 501; x_wconf 83' lang='lat' dir='ltr'><strong>eadem</strong></span> <span class='ocrx_word' id='word_1_32' title='bbox 740 454 892 512; x_wconf 59' lang='lat' dir='ltr'><strong>noete,</strong></span> <span class='ocrx_word' id='word_1_33' title='bbox 924 455 1105 503; x_wconf 85' lang='lat' dir='ltr'><strong>dimiffis</strong></span> <span class='ocrx_word' id='word_1_34' title='bbox 1129 472 1208 519; x_wconf 92' lang='lat' dir='ltr'><strong>per</strong></span> <span class='ocrx_word' id='word_1_35' title='bbox 1236 459 1396 504; x_wconf 88' lang='lat' dir='ltr'><strong>domos</strong></span> <span class='ocrx_word' id='word_1_36' title='bbox 1416 473 1573 505; x_wconf 89' lang='lat' dir='ltr'><strong>centu-</strong></span> 
     </span>
     <span class='ocr_line' id='line_1_6' title="bbox 276 522 1574 596; baseline 0.005 -23"><span class='ocrx_word' id='word_1_37' title='bbox 276 527 507 585; x_wconf 77' lang='lat' dir='ltr'><strong>rionibus,</strong></span> <span class='ocrx_word' id='word_1_38' title='bbox 535 522 772 596; x_wconf 15' lang='lat' dir='ltr'><strong>Xconfe&#39;cit:</strong></span> <span class='ocrx_word' id='word_1_39' title='bbox 807 527 852 574; x_wconf 93' lang='lat' dir='ltr'><strong>id</strong></span> <span class='ocrx_word' id='word_1_40' title='bbox 882 527 970 587; x_wconf 86' lang='lat' dir='ltr'><strong>est,</strong></span> <span class='ocrx_word' id='word_1_41' title='bbox 1005 529 1145 577; x_wconf 89' lang='lat' dir='ltr'><strong>homo</strong></span> <span class='ocrx_word' id='word_1_42' title='bbox 1175 531 1423 579; x_wconf 78' lang='lat' dir='ltr'><strong>misericors</strong></span> <span class='ocrx_word' id='word_1_43' title='bbox 1455 532 1574 579; x_wconf 69' lang='lat' dir='ltr'><strong>luCtu</strong></span> 
     </span>
     <span class='ocr_line' id='line_1_7' title="bbox 273 593 1574 660; baseline 0.005 -13"><span class='ocrx_word' id='word_1_44' title='bbox 273 601 492 648; x_wconf 81' lang='lat' dir='ltr'><strong>liberavit.</strong></span> <span class='ocrx_word' id='word_1_45' title='bbox 518 602 624 647; x_wconf 89' lang='lat' dir='ltr'><strong>Non</strong></span> <span class='ocrx_word' id='word_1_46' title='bbox 654 601 771 648; x_wconf 89' lang='lat' dir='ltr'><strong>enim</strong></span> <span class='ocrx_word' id='word_1_47' title='bbox 797 601 896 647; x_wconf 83' lang='lat' dir='ltr'><strong>Caii</strong></span> <span class='ocrx_word' id='word_1_48' title='bbox 916 593 1140 650; x_wconf 79' lang='lat' dir='ltr'><strong>saevitiam</strong></span> <span class='ocrx_word' id='word_1_49' title='bbox 1159 637 1173 660; x_wconf 94' lang='lat'>‚</span> <span class='ocrx_word' id='word_1_50' title='bbox 1199 605 1269 652; x_wconf 88' lang='lat' dir='ltr'><strong>sed</strong></span> <span class='ocrx_word' id='word_1_51' title='bbox 1289 606 1378 652; x_wconf 84' lang='lat' dir='ltr'><strong>irae</strong></span> <span class='ocrx_word' id='word_1_52' title='bbox 1403 606 1574 654; x_wconf 88' lang='lat' dir='ltr'><strong>malum</strong></span> 
     </span>
     <span class='ocr_line' id='line_1_8' title="bbox 275 672 1573 737; baseline 0.005 -18"><span class='ocrx_word' id='word_1_53' title='bbox 275 672 556 737; x_wconf 82' lang='lat' dir='ltr'><strong>propositum</strong></span> <span class='ocrx_word' id='word_1_54' title='bbox 575 673 636 720; x_wconf 83' lang='lat' dir='ltr'><strong>est</strong></span> <span class='ocrx_word' id='word_1_55' title='bbox 661 674 908 722; x_wconf 86' lang='lat' dir='ltr'><strong>describere</strong></span> <span class='ocrx_word' id='word_1_56' title='bbox 928 691 940 722; x_wconf 71' lang='lat' dir='ltr'><strong><em>z</em></strong></span> <span class='ocrx_word' id='word_1_57' title='bbox 960 692 1071 737; x_wconf 91' lang='lat' dir='ltr'><strong>quae</strong></span> <span class='ocrx_word' id='word_1_58' title='bbox 1096 694 1188 724; x_wconf 89' lang='lat' dir='ltr'><strong>non</strong></span> <span class='ocrx_word' id='word_1_59' title='bbox 1210 690 1379 724; x_wconf 87' lang='lat' dir='ltr'><strong>tantum</strong></span> <span class='ocrx_word' id='word_1_60' title='bbox 1404 678 1573 726; x_wconf 84' lang='lat' dir='ltr'><strong>viritim</strong></span> 
     </span>
     <span class='ocr_line' id='line_1_9' title="bbox 273 745 1573 810; baseline 0.004 -18"><span class='ocrx_word' id='word_1_61' title='bbox 273 746 408 802; x_wconf 76' lang='lat' dir='ltr'><strong>furit,</strong></span> <span class='ocrx_word' id='word_1_62' title='bbox 441 747 515 794; x_wconf 91' lang='lat' dir='ltr'><strong>sed</strong></span> <span class='ocrx_word' id='word_1_63' title='bbox 545 759 697 810; x_wconf 85' lang='lat' dir='ltr'><strong>gentes</strong></span> <span class='ocrx_word' id='word_1_64' title='bbox 721 759 835 793; x_wconf 80' lang='lat' dir='ltr'><strong>totas</strong></span> <span class='ocrx_word' id='word_1_65' title='bbox 870 746 1084 806; x_wconf 75' lang='lat' dir='ltr'><strong>lancinat,</strong></span> <span class='ocrx_word' id='word_1_66' title='bbox 1113 748 1187 796; x_wconf 84' lang='lat' dir='ltr'><strong>sed</strong></span> <span class='ocrx_word' id='word_1_67' title='bbox 1206 745 1364 807; x_wconf 78' lang='lat' dir='ltr'><strong>urbes,</strong></span> <span class='ocrx_word' id='word_1_68' title='bbox 1394 750 1467 796; x_wconf 84' lang='lat' dir='ltr'><strong>sed</strong></span> <span class='ocrx_word' id='word_1_69' title='bbox 1487 750 1573 797; x_wconf 88' lang='lat' dir='ltr'><strong>flu-</strong></span> 
     </span>
     <span class='ocr_line' id='line_1_10' title="bbox 274 819 1571 877; baseline 0.005 -12"><span class='ocrx_word' id='word_1_70' title='bbox 274 819 424 877; x_wconf 74' lang='lat' dir='ltr'><strong>mina,</strong></span> <span class='ocrx_word' id='word_1_71' title='bbox 456 832 499 866; x_wconf 89' lang='lat' dir='ltr'><strong>et</strong></span> <span class='ocrx_word' id='word_1_72' title='bbox 535 829 624 866; x_wconf 88' lang='lat' dir='ltr'><strong>tuta</strong></span> <span class='ocrx_word' id='word_1_73' title='bbox 658 820 712 865; x_wconf 87' lang='lat' dir='ltr'><strong>ab</strong></span> <span class='ocrx_word' id='word_1_74' title='bbox 744 820 871 866; x_wconf 88' lang='lat' dir='ltr'><strong>omni</strong></span> <span class='ocrx_word' id='word_1_75' title='bbox 908 819 1030 867; x_wconf 88' lang='lat' dir='ltr'><strong>sensu</strong></span> <span class='ocrx_word' id='word_1_76' title='bbox 1059 823 1230 869; x_wconf 89' lang='lat' dir='ltr'><strong>doloris</strong></span> <span class='ocrx_word' id='word_1_77' title='bbox 1264 823 1571 871; x_wconf 76' lang='lat' dir='ltr'><strong>converberat.</strong></span> 
     </span>
     <span class='ocr_line' id='line_1_11' title="bbox 274 893 1572 959; baseline 0.005 -21"><span class='ocrx_word' id='word_1_78' title='bbox 274 893 396 939; x_wconf 81' lang='lat' dir='ltr'><strong>Sicut</strong></span> <span class='ocrx_word' id='word_1_79' title='bbox 428 911 505 940; x_wconf 82' lang='lat' dir='ltr'><strong>rex</strong></span> <span class='ocrx_word' id='word_1_80' title='bbox 541 894 764 941; x_wconf 77' lang='lat' dir='ltr'><strong>Persarum</strong></span> <span class='ocrx_word' id='word_1_81' title='bbox 787 932 799 953; x_wconf 85' lang='lat'>‚</span> <span class='ocrx_word' id='word_1_82' title='bbox 829 895 966 942; x_wconf 84' lang='lat' dir='ltr'><strong>totius</strong></span> <span class='ocrx_word' id='word_1_83' title='bbox 997 898 1155 959; x_wconf 87' lang='lat' dir='ltr'><strong>populi</strong></span> <span class='ocrx_word' id='word_1_84' title='bbox 1188 913 1311 943; x_wconf 84' lang='lat' dir='ltr'><strong>nares</strong></span> <span class='ocrx_word' id='word_1_85' title='bbox 1343 897 1500 945; x_wconf 89' lang='lat' dir='ltr'><strong>recidit</strong></span> <span class='ocrx_word' id='word_1_86' title='bbox 1526 898 1572 945; x_wconf 90' lang='lat' dir='ltr'><strong>in</strong></span> 
     </span>
     <span class='ocr_line' id='line_1_12' title="bbox 273 967 1572 1031; baseline 0.006 -20"><span class='ocrx_word' id='word_1_87' title='bbox 273 967 401 1030; x_wconf 82' lang='lat' dir='ltr'><strong>Syria</strong></span> <span class='ocrx_word' id='word_1_88' title='bbox 425 988 432 1011; x_wconf 91' lang='lat'>:</span> <span class='ocrx_word' id='word_1_89' title='bbox 457 967 558 1014; x_wconf 86' lang='lat' dir='ltr'><strong>inde</strong></span> <span class='ocrx_word' id='word_1_90' title='bbox 580 968 883 1016; x_wconf 72' lang='lat' dir='ltr'><strong>Rhinocolura</strong></span> <span class='ocrx_word' id='word_1_91' title='bbox 913 968 1003 1014; x_wconf 87' lang='lat' dir='ltr'><strong>loci</strong></span> <span class='ocrx_word' id='word_1_92' title='bbox 1030 985 1196 1016; x_wconf 89' lang='lat' dir='ltr'><strong>nomen</strong></span> <span class='ocrx_word' id='word_1_93' title='bbox 1224 969 1297 1017; x_wconf 82' lang='lat' dir='ltr'><strong>est.</strong></span> <span class='ocrx_word' id='word_1_94' title='bbox 1330 971 1572 1031; x_wconf 82' lang='lat' dir='ltr'><strong>Peperciffe</strong></span> 
     </span>
     <span class='ocr_line' id='line_1_13' title="bbox 271 1037 1570 1103; baseline 0.004 -19"><span class='ocrx_word' id='word_1_95' title='bbox 271 1037 395 1084; x_wconf 84' lang='lat' dir='ltr'><strong>illum</strong></span> <span class='ocrx_word' id='word_1_96' title='bbox 416 1039 582 1086; x_wconf 86' lang='lat' dir='ltr'><strong>iudicas</strong></span> <span class='ocrx_word' id='word_1_97' title='bbox 598 1075 611 1096; x_wconf 77' lang='lat'>,</span> <span class='ocrx_word' id='word_1_98' title='bbox 631 1042 755 1103; x_wconf 83' lang='lat' dir='ltr'><strong>quod</strong></span> <span class='ocrx_word' id='word_1_99' title='bbox 777 1056 869 1085; x_wconf 89' lang='lat' dir='ltr'><strong>non</strong></span> <span class='ocrx_word' id='word_1_100' title='bbox 895 1051 989 1085; x_wconf 84' lang='lat' dir='ltr'><strong>tota</strong></span> <span class='ocrx_word' id='word_1_101' title='bbox 1013 1040 1154 1101; x_wconf 80' lang='lat' dir='ltr'><strong>capita</strong></span> <span class='ocrx_word' id='word_1_102' title='bbox 1180 1041 1421 1101; x_wconf 82' lang='lat' dir='ltr'><strong>praecidit?</strong></span> <span class='ocrx_word' id='word_1_103' title='bbox 1444 1058 1570 1090; x_wconf 86' lang='lat' dir='ltr'><strong>novo</strong></span> 
     </span>
     <span class='ocr_line' id='line_1_14' title="bbox 272 1112 1570 1178; baseline 0.004 -21"><span class='ocrx_word' id='word_1_104' title='bbox 272 1128 436 1175; x_wconf 86' lang='lat' dir='ltr'><strong>genere</strong></span> <span class='ocrx_word' id='word_1_105' title='bbox 468 1116 639 1175; x_wconf 82' lang='lat' dir='ltr'><strong>poenae</strong></span> <span class='ocrx_word' id='word_1_106' title='bbox 666 1115 901 1161; x_wconf 64' lang='lat' dir='ltr'><strong>delectatus</strong></span> <span class='ocrx_word' id='word_1_107' title='bbox 933 1112 1005 1160; x_wconf 86' lang='lat' dir='ltr'><strong>est.</strong></span> <span class='ocrx_word' id='word_1_108' title='bbox 1033 1114 1141 1160; x_wconf 79' lang='lat' dir='ltr'><strong>Tale</strong></span> <span class='ocrx_word' id='word_1_109' title='bbox 1171 1114 1337 1178; x_wconf 85' lang='lat' dir='ltr'><strong>aliquid</strong></span> <span class='ocrx_word' id='word_1_110' title='bbox 1363 1115 1469 1178; x_wconf 88' lang='lat' dir='ltr'><strong>paffi</strong></span> <span class='ocrx_word' id='word_1_111' title='bbox 1500 1115 1570 1163; x_wconf 85' lang='lat' dir='ltr'><strong>fo—</strong></span> 
     </span>
     <span class='ocr_line' id='line_1_15' title="bbox 272 1186 1570 1251; baseline 0.003 -19"><span class='ocrx_word' id='word_1_112' title='bbox 272 1200 372 1233; x_wconf 80' lang='lat' dir='ltr'><strong>rent</strong></span> <span class='ocrx_word' id='word_1_113' title='bbox 402 1187 677 1249; x_wconf 73' lang='lat' dir='ltr'><strong>Aethiopes,</strong></span> <span class='ocrx_word' id='word_1_114' title='bbox 712 1187 788 1251; x_wconf 90' lang='lat' dir='ltr'><strong>qui</strong></span> <span class='ocrx_word' id='word_1_115' title='bbox 825 1188 885 1234; x_wconf 90' lang='lat' dir='ltr'><strong>ob</strong></span> <span class='ocrx_word' id='word_1_116' title='bbox 910 1186 1207 1250; x_wconf 59' lang='lat' dir='ltr'><strong>longissimum</strong></span> <span class='ocrx_word' id='word_1_117' title='bbox 1239 1188 1353 1234; x_wconf 87' lang='lat' dir='ltr'><strong>vitae</strong></span> <span class='ocrx_word' id='word_1_118' title='bbox 1382 1187 1570 1251; x_wconf 85' lang='lat' dir='ltr'><strong>spatium</strong></span> 
     </span>
     <span class='ocr_line' id='line_1_16' title="bbox 272 1260 1571 1324; baseline 0.002 -17"><span class='ocrx_word' id='word_1_119' title='bbox 272 1261 493 1307; x_wconf 80' lang='lat' dir='ltr'><strong>Macrobii</strong></span> <span class='ocrx_word' id='word_1_120' title='bbox 518 1261 803 1324; x_wconf 75' lang='lat' dir='ltr'><strong>appellantur.</strong></span> <span class='ocrx_word' id='word_1_121' title='bbox 826 1260 869 1307; x_wconf 87' lang='lat' dir='ltr'><strong>in</strong></span> <span class='ocrx_word' id='word_1_122' title='bbox 890 1262 973 1308; x_wconf 87' lang='lat' dir='ltr'><strong>hos</strong></span> <span class='ocrx_word' id='word_1_123' title='bbox 993 1260 1109 1308; x_wconf 79' lang='lat' dir='ltr'><strong>enim</strong></span> <span class='ocrx_word' id='word_1_124' title='bbox 1128 1293 1143 1316; x_wconf 93' lang='lat'>‚</span> <span class='ocrx_word' id='word_1_125' title='bbox 1170 1262 1274 1322; x_wconf 86' lang='lat' dir='ltr'><strong>quia</strong></span> <span class='ocrx_word' id='word_1_126' title='bbox 1294 1278 1385 1307; x_wconf 84' lang='lat' dir='ltr'><strong>non</strong></span> <span class='ocrx_word' id='word_1_127' title='bbox 1405 1262 1571 1324; x_wconf 83' lang='lat' dir='ltr'><strong>supinis</strong></span> 
     </span>
     <span class='ocr_line' id='line_1_17' title="bbox 271 1334 1569 1398; baseline 0.002 -19"><span class='ocrx_word' id='word_1_128' title='bbox 271 1336 474 1381; x_wconf 86' lang='lat' dir='ltr'><strong>manibus</strong></span> <span class='ocrx_word' id='word_1_129' title='bbox 492 1346 754 1397; x_wconf 69' lang='lat' dir='ltr'><strong>exceperant</strong></span> <span class='ocrx_word' id='word_1_130' title='bbox 783 1334 1040 1381; x_wconf 79' lang='lat' dir='ltr'><strong>servitutem</strong></span> <span class='ocrx_word' id='word_1_131' title='bbox 1055 1367 1069 1390; x_wconf 93' lang='lat'>‚</span> <span class='ocrx_word' id='word_1_132' title='bbox 1091 1334 1314 1397; x_wconf 74' lang='lat' dir='ltr'><strong>mistisque</strong></span> <span class='ocrx_word' id='word_1_133' title='bbox 1340 1335 1488 1398; x_wconf 78' lang='lat' dir='ltr'><strong>legatis</strong></span> <span class='ocrx_word' id='word_1_134' title='bbox 1514 1336 1569 1382; x_wconf 82' lang='lat' dir='ltr'><strong>li-</strong></span> 
     </span>
     <span class='ocr_line' id='line_1_18' title="bbox 272 1407 1571 1471; baseline 0.002 -18"><span class='ocrx_word' id='word_1_135' title='bbox 272 1407 377 1454; x_wconf 74' lang='lat' dir='ltr'><strong>bera</strong></span> <span class='ocrx_word' id='word_1_136' title='bbox 411 1407 616 1469; x_wconf 84' lang='lat' dir='ltr'><strong>responsa</strong></span> <span class='ocrx_word' id='word_1_137' title='bbox 653 1407 861 1453; x_wconf 85' lang='lat' dir='ltr'><strong>dederant</strong></span> <span class='ocrx_word' id='word_1_138' title='bbox 883 1443 896 1464; x_wconf 87' lang='lat'>‚</span> <span class='ocrx_word' id='word_1_139' title='bbox 934 1423 1048 1470; x_wconf 85' lang='lat' dir='ltr'><strong>quae</strong></span> <span class='ocrx_word' id='word_1_140' title='bbox 1085 1407 1407 1455; x_wconf 83' lang='lat' dir='ltr'><strong>contumeliosa</strong></span> <span class='ocrx_word' id='word_1_141' title='bbox 1446 1424 1571 1471; x_wconf 87' lang='lat' dir='ltr'><strong>reges</strong></span> 
     </span>
     <span class='ocr_line' id='line_1_19' title="bbox 216 1468 1566 1546; baseline 0 -17"><span class='ocrx_word' id='word_1_142' title='bbox 216 1468 221 1477; x_wconf 15' lang='grc' dir='ltr'>ὃ</span> <span class='ocrx_word' id='word_1_143' title='bbox 270 1494 469 1538; x_wconf 76' lang='lat' dir='ltr'><strong>vocant,</strong></span> <span class='ocrx_word' id='word_1_144' title='bbox 499 1481 742 1546; x_wconf 78' lang='lat' dir='ltr'><strong>Cambyses</strong></span> <span class='ocrx_word' id='word_1_145' title='bbox 769 1479 1015 1529; x_wconf 86' lang='lat' dir='ltr'><strong>fremebat:</strong></span> <span class='ocrx_word' id='word_1_146' title='bbox 1044 1493 1087 1528; x_wconf 92' lang='lat' dir='ltr'><strong>et</strong></span> <span class='ocrx_word' id='word_1_147' title='bbox 1113 1498 1203 1527; x_wconf 86' lang='lat' dir='ltr'><strong>non</strong></span> <span class='ocrx_word' id='word_1_148' title='bbox 1223 1481 1410 1545; x_wconf 77' lang='lat' dir='ltr'><strong>provisis</strong></span> <span class='ocrx_word' id='word_1_149' title='bbox 1437 1499 1566 1529; x_wconf 88' lang='lat' dir='ltr'><strong>com-</strong></span> 
     </span>
     <span class='ocr_line' id='line_1_20' title="bbox 270 1553 1567 1617; baseline -0.001 -17"><span class='ocrx_word' id='word_1_150' title='bbox 270 1553 515 1609; x_wconf 77' lang='lat' dir='ltr'><strong>meatibus,</strong></span> <span class='ocrx_word' id='word_1_151' title='bbox 545 1570 638 1600; x_wconf 89' lang='lat' dir='ltr'><strong>non</strong></span> <span class='ocrx_word' id='word_1_152' title='bbox 665 1554 902 1617; x_wconf 84' lang='lat' dir='ltr'><strong>exploratis</strong></span> <span class='ocrx_word' id='word_1_153' title='bbox 925 1554 1183 1608; x_wconf 83' lang='lat' dir='ltr'><strong>itineribus,</strong></span> <span class='ocrx_word' id='word_1_154' title='bbox 1216 1571 1294 1616; x_wconf 89' lang='lat' dir='ltr'><strong>per</strong></span> <span class='ocrx_word' id='word_1_155' title='bbox 1314 1554 1462 1609; x_wconf 82' lang='lat' dir='ltr'><strong>invia,</strong></span> <span class='ocrx_word' id='word_1_156' title='bbox 1488 1570 1567 1615; x_wconf 89' lang='lat' dir='ltr'><strong>per</strong></span> 
     </span>
     <span class='ocr_line' id='line_1_21' title="bbox 268 1625 1572 1677; baseline 0 -5"><span class='ocrx_word' id='word_1_157' title='bbox 268 1625 436 1673; x_wconf 81' lang='lat' dir='ltr'><strong>arentia</strong></span> <span class='ocrx_word' id='word_1_158' title='bbox 466 1626 661 1673; x_wconf 78' lang='lat' dir='ltr'><strong>trahebat</strong></span> <span class='ocrx_word' id='word_1_159' title='bbox 691 1642 872 1672; x_wconf 87' lang='lat' dir='ltr'><strong>omnem</strong></span> <span class='ocrx_word' id='word_1_160' title='bbox 907 1625 1026 1674; x_wconf 92' lang='lat' dir='ltr'><strong>bello</strong></span> <span class='ocrx_word' id='word_1_161' title='bbox 1072 1626 1221 1673; x_wconf 76' lang='lat' dir='ltr'><strong>utilem</strong></span> <span class='ocrx_word' id='word_1_162' title='bbox 1255 1626 1460 1677; x_wconf 63' lang='lat' dir='ltr'><strong>turbam:</strong></span> <span class='ocrx_word' id='word_1_163' title='bbox 1500 1626 1572 1674; x_wconf 89' lang='lat' dir='ltr'><strong>cui</strong></span> 
     </span>
     <span class='ocr_line' id='line_1_22' title="bbox 268 1698 1563 1763; baseline 0.001 -18"><span class='ocrx_word' id='word_1_164' title='bbox 268 1699 383 1746; x_wconf 84' lang='lat' dir='ltr'><strong>intra</strong></span> <span class='ocrx_word' id='word_1_165' title='bbox 404 1698 597 1762; x_wconf 86' lang='lat' dir='ltr'><strong>primum</strong></span> <span class='ocrx_word' id='word_1_166' title='bbox 620 1700 701 1745; x_wconf 83' lang='lat' dir='ltr'><strong>iter</strong></span> <span class='ocrx_word' id='word_1_167' title='bbox 728 1700 912 1747; x_wconf 84' lang='lat' dir='ltr'><strong>deerant</strong></span> <span class='ocrx_word' id='word_1_168' title='bbox 930 1699 1165 1749; x_wconf 61' lang='lat' dir='ltr'><strong>,necessaria</strong></span> <span class='ocrx_word' id='word_1_169' title='bbox 1179 1735 1194 1756; x_wconf 86' lang='lat'><em>‚</em></span> <span class='ocrx_word' id='word_1_170' title='bbox 1219 1716 1299 1746; x_wconf 89' lang='lat' dir='ltr'><strong>nec</strong></span> <span class='ocrx_word' id='word_1_171' title='bbox 1319 1699 1563 1763; x_wconf 84' lang='lat' dir='ltr'><strong>quidquam</strong></span> 
     </span>
     <span class='ocr_line' id='line_1_23' title="bbox 268 1772 1563 1836; baseline 0 -16"><span class='ocrx_word' id='word_1_172' title='bbox 268 1772 619 1820; x_wconf 83' lang='lat' dir='ltr'><strong>subministrabat</strong></span> <span class='ocrx_word' id='word_1_173' title='bbox 651 1773 805 1820; x_wconf 82' lang='lat' dir='ltr'><strong>sterilis</strong></span> <span class='ocrx_word' id='word_1_174' title='bbox 835 1786 877 1819; x_wconf 89' lang='lat' dir='ltr'><strong>et</strong></span> <span class='ocrx_word' id='word_1_175' title='bbox 900 1773 1064 1820; x_wconf 87' lang='lat' dir='ltr'><strong>inculta</strong></span> <span class='ocrx_word' id='word_1_176' title='bbox 1097 1773 1381 1836; x_wconf 87' lang='lat' dir='ltr'><strong>humanoque</strong></span> <span class='ocrx_word' id='word_1_177' title='bbox 1411 1773 1563 1835; x_wconf 84' lang='lat' dir='ltr'><strong>ignota</strong></span> 
     </span>
     <span class='ocr_line' id='line_1_24' title="bbox 267 1846 1563 1912; baseline -0.002 -15"><span class='ocrx_word' id='word_1_178' title='bbox 267 1847 461 1912; x_wconf 73' lang='lat' dir='ltr'><strong>vestigio</strong></span> <span class='ocrx_word' id='word_1_179' title='bbox 483 1847 638 1912; x_wconf 84' lang='lat' dir='ltr'><strong>regio:</strong></span> <span class='ocrx_word' id='word_1_180' title='bbox 669 1847 933 1894; x_wconf 76' lang='lat' dir='ltr'><strong>sustinebant</strong></span> <span class='ocrx_word' id='word_1_181' title='bbox 959 1846 1119 1892; x_wconf 82' lang='lat' dir='ltr'><strong>famem</strong></span> <span class='ocrx_word' id='word_1_182' title='bbox 1149 1846 1297 1909; x_wconf 85' lang='lat' dir='ltr'><strong>primo</strong></span> <span class='ocrx_word' id='word_1_183' title='bbox 1327 1848 1563 1895; x_wconf 81' lang='lat' dir='ltr'><strong>tenerrima</strong></span> 
     </span>
     <span class='ocr_line' id='line_1_25' title="bbox 266 1921 1562 1985; baseline -0.001 -15"><span class='ocrx_word' id='word_1_184' title='bbox 266 1923 524 1980; x_wconf 70' lang='lat' dir='ltr'><strong>fiondium,</strong></span> <span class='ocrx_word' id='word_1_185' title='bbox 563 1936 606 1970; x_wconf 92' lang='lat' dir='ltr'><strong>et</strong></span> <span class='ocrx_word' id='word_1_186' title='bbox 638 1921 863 1968; x_wconf 82' lang='lat' dir='ltr'><strong>cacumina</strong></span> <span class='ocrx_word' id='word_1_187' title='bbox 897 1921 1141 1978; x_wconf 82' lang='lat' dir='ltr'><strong>arborum,</strong></span> <span class='ocrx_word' id='word_1_188' title='bbox 1177 1932 1271 1967; x_wconf 88' lang='lat' dir='ltr'><strong>tum</strong></span> <span class='ocrx_word' id='word_1_189' title='bbox 1305 1921 1427 1985; x_wconf 79' lang='lat' dir='ltr'><strong>coria</strong></span> <span class='ocrx_word' id='word_1_190' title='bbox 1458 1921 1562 1984; x_wconf 87' lang='lat' dir='ltr'><strong>igne</strong></span> 
     </span>
     <span class='ocr_line' id='line_1_26' title="bbox 266 1993 1560 2058; baseline -0.002 -16"><span class='ocrx_word' id='word_1_191' title='bbox 266 1995 435 2044; x_wconf 79' lang='lat' dir='ltr'><strong>mollita</strong></span> <span class='ocrx_word' id='word_1_192' title='bbox 452 2031 467 2052; x_wconf 92' lang='lat'>,</span> <span class='ocrx_word' id='word_1_193' title='bbox 488 2009 532 2042; x_wconf 92' lang='lat' dir='ltr'><strong>et</strong></span> <span class='ocrx_word' id='word_1_194' title='bbox 560 1994 781 2058; x_wconf 85' lang='lat' dir='ltr'><strong>quidquid</strong></span> <span class='ocrx_word' id='word_1_195' title='bbox 807 1993 1029 2040; x_wconf 81' lang='lat' dir='ltr'><strong>neceffitas</strong></span> <span class='ocrx_word' id='word_1_196' title='bbox 1050 1993 1196 2041; x_wconf 86' lang='lat' dir='ltr'><strong>cibum</strong></span> <span class='ocrx_word' id='word_1_197' title='bbox 1219 1994 1384 2041; x_wconf 82' lang='lat' dir='ltr'><strong>fecerat</strong></span> <span class='ocrx_word' id='word_1_198' title='bbox 1405 2012 1416 2041; x_wconf 72' lang='grc' dir='ltr'><strong><em>ε</em></strong></span> <span class='ocrx_word' id='word_1_199' title='bbox 1437 1993 1560 2056; x_wconf 61' lang='lat' dir='ltr'><strong>posto</strong></span> 
     </span>
     <span class='ocr_line' id='line_1_27' title="bbox 263 2071 1563 2136; baseline 0 -17"><span class='ocrx_word' id='word_1_200' title='bbox 263 2090 401 2136; x_wconf 81' lang='lat' dir='ltr'><strong>quam</strong></span> <span class='ocrx_word' id='word_1_201' title='bbox 422 2073 539 2119; x_wconf 84' lang='lat' dir='ltr'><strong>inter</strong></span> <span class='ocrx_word' id='word_1_202' title='bbox 555 2072 734 2119; x_wconf 85' lang='lat' dir='ltr'><strong>harenas</strong></span> <span class='ocrx_word' id='word_1_203' title='bbox 760 2071 926 2119; x_wconf 80' lang='lat' dir='ltr'><strong>radices</strong></span> <span class='ocrx_word' id='word_1_204' title='bbox 946 2088 1129 2134; x_wconf 82' lang='lat' dir='ltr'><strong>quoque</strong></span> <span class='ocrx_word' id='word_1_205' title='bbox 1148 2084 1192 2119; x_wconf 91' lang='lat' dir='ltr'><strong>et</strong></span> <span class='ocrx_word' id='word_1_206' title='bbox 1211 2072 1372 2119; x_wconf 77' lang='lat' dir='ltr'><strong>herbae</strong></span> <span class='ocrx_word' id='word_1_207' title='bbox 1392 2072 1563 2120; x_wconf 88' lang='lat' dir='ltr'><strong>defece-</strong></span> 
     </span>
     <span class='ocr_line' id='line_1_28' title="bbox 265 2144 1561 2208; baseline -0.002 -16"><span class='ocrx_word' id='word_1_208' title='bbox 265 2158 364 2192; x_wconf 83' lang='lat' dir='ltr'><strong>rant</strong></span> <span class='ocrx_word' id='word_1_209' title='bbox 382 2181 396 2202; x_wconf 91' lang='lat'>,</span> <span class='ocrx_word' id='word_1_210' title='bbox 420 2145 711 2208; x_wconf 80' lang='lat' dir='ltr'><strong>apparuitque</strong></span> <span class='ocrx_word' id='word_1_211' title='bbox 735 2145 868 2207; x_wconf 84' lang='lat' dir='ltr'><strong>inops</strong></span> <span class='ocrx_word' id='word_1_212' title='bbox 896 2145 1030 2192; x_wconf 74' lang='lat' dir='ltr'><strong>etiam</strong></span> <span class='ocrx_word' id='word_1_213' title='bbox 1055 2144 1312 2191; x_wconf 81' lang='lat' dir='ltr'><strong>animalium</strong></span> <span class='ocrx_word' id='word_1_214' title='bbox 1335 2145 1527 2192; x_wconf 87' lang='lat' dir='ltr'><strong>solitudo</strong></span> <span class='ocrx_word' id='word_1_215' title='bbox 1546 2182 1561 2205; x_wconf 81' lang='lat'>‚</span> 
     </span>
     <span class='ocr_line' id='line_1_29' title="bbox 264 2217 1558 2283; baseline -0.001 -16"><span class='ocrx_word' id='word_1_216' title='bbox 264 2220 490 2267; x_wconf 88' lang='lat' dir='ltr'><strong>decimum</strong></span> <span class='ocrx_word' id='word_1_217' title='bbox 523 2236 747 2283; x_wconf 83' lang='lat' dir='ltr'><strong>quemque</strong></span> <span class='ocrx_word' id='word_1_218' title='bbox 765 2217 936 2275; x_wconf 84' lang='lat' dir='ltr'><strong>sortiti,</strong></span> <span class='ocrx_word' id='word_1_219' title='bbox 957 2219 1212 2266; x_wconf 82' lang='lat' dir='ltr'><strong>alimentum</strong></span> <span class='ocrx_word' id='word_1_220' title='bbox 1231 2218 1474 2265; x_wconf 74' lang='lat' dir='ltr'><strong>habuerunt</strong></span> <span class='ocrx_word' id='word_1_221' title='bbox 1493 2218 1558 2266; x_wconf 85' lang='lat' dir='ltr'><strong>fa-</strong></span> 
     </span>
     <span class='ocr_line' id='line_1_30' title="bbox 264 2294 1559 2360; baseline 0 -19"><span class='ocrx_word' id='word_1_222' title='bbox 264 2311 338 2341; x_wconf 86' lang='lat' dir='ltr'><strong>me</strong></span> <span class='ocrx_word' id='word_1_223' title='bbox 372 2294 554 2342; x_wconf 87' lang='lat' dir='ltr'><strong>saevius.</strong></span> <span class='ocrx_word' id='word_1_224' title='bbox 587 2296 754 2358; x_wconf 85' lang='lat' dir='ltr'><strong>Agebat</strong></span> <span class='ocrx_word' id='word_1_225' title='bbox 787 2295 930 2342; x_wconf 88' lang='lat' dir='ltr'><strong>adhuc</strong></span> <span class='ocrx_word' id='word_1_226' title='bbox 965 2295 1028 2342; x_wconf 83' lang='lat' dir='ltr'><strong>ira</strong></span> <span class='ocrx_word' id='word_1_227' title='bbox 1059 2312 1208 2360; x_wconf 85' lang='lat' dir='ltr'><strong>regem</strong></span> <span class='ocrx_word' id='word_1_228' title='bbox 1238 2295 1524 2358; x_wconf 61' lang='lat' dir='ltr'><strong>praecipitem</strong></span> <span class='ocrx_word' id='word_1_229' title='bbox 1543 2330 1559 2353; x_wconf 89' lang='lat'>‚</span> 
     </span>
     <span class='ocr_line' id='line_1_31' title="bbox 262 2367 1555 2434; baseline -0.001 -19"><span class='ocrx_word' id='word_1_230' title='bbox 262 2385 366 2416; x_wconf 87' lang='lat' dir='ltr'><strong>cum</strong></span> <span class='ocrx_word' id='word_1_231' title='bbox 388 2380 556 2432; x_wconf 70' lang='lat' dir='ltr'><strong>partem</strong></span> <span class='ocrx_word' id='word_1_232' title='bbox 581 2370 799 2418; x_wconf 86' lang='lat' dir='ltr'><strong>exercitus</strong></span> <span class='ocrx_word' id='word_1_233' title='bbox 824 2369 1050 2428; x_wconf 78' lang='lat' dir='ltr'><strong>amisisset,</strong></span> <span class='ocrx_word' id='word_1_234' title='bbox 1070 2381 1239 2434; x_wconf 87' lang='lat' dir='ltr'><strong>partem</strong></span> <span class='ocrx_word' id='word_1_235' title='bbox 1261 2367 1521 2417; x_wconf 82' lang='lat' dir='ltr'><strong>comediffet</strong></span> <span class='ocrx_word' id='word_1_236' title='bbox 1541 2380 1555 2413; x_wconf 71' lang='grc' dir='ltr'><strong>ε</strong></span> 
     </span>
     <span class='ocr_line' id='line_1_32' title="bbox 263 2443 1558 2510; baseline -0.003 -16"><span class='ocrx_word' id='word_1_237' title='bbox 263 2443 412 2495; x_wconf 84' lang='lat' dir='ltr'><strong>donec</strong></span> <span class='ocrx_word' id='word_1_238' title='bbox 430 2444 608 2504; x_wconf 80' lang='lat' dir='ltr'><strong>timuit,</strong></span> <span class='ocrx_word' id='word_1_239' title='bbox 639 2462 695 2495; x_wconf 89' lang='lat' dir='ltr'><strong>ne</strong></span> <span class='ocrx_word' id='word_1_240' title='bbox 722 2457 766 2495; x_wconf 85' lang='lat' dir='ltr'><strong>et</strong></span> <span class='ocrx_word' id='word_1_241' title='bbox 789 2445 881 2510; x_wconf 88' lang='lat' dir='ltr'><strong>ipse</strong></span> <span class='ocrx_word' id='word_1_242' title='bbox 907 2460 1147 2496; x_wconf 84' lang='lat' dir='ltr'><strong>vocaretur</strong></span> <span class='ocrx_word' id='word_1_243' title='bbox 1177 2445 1233 2493; x_wconf 85' lang='lat' dir='ltr'><strong>ad</strong></span> <span class='ocrx_word' id='word_1_244' title='bbox 1252 2444 1430 2494; x_wconf 88' lang='lat' dir='ltr'><strong>sortem.</strong></span> <span class='ocrx_word' id='word_1_245' title='bbox 1460 2454 1558 2491; x_wconf 85' lang='lat' dir='ltr'><strong>tum</strong></span> 
     </span>
    </p>
   </div>
  </div>
 </body>
</html>
