1741 2919
304 168 391 224 1ffi
562 167 1387 215 L.ANNAE15ENECAEJ

300 276 424 336 Quid
449 275 595 336 itaque
616 273 710 320 eius
734 273 947 321 desiderio
976 292 1178 323 maceror
1194 308 1209 330 ‚
1232 276 1305 340 qui
1321 290 1396 323 aut
1418 275 1594 336 beatusg

298 361 372 395 aut
396 365 452 392 nu
458 347 535 394 ssus
554 346 641 394 est.
632 348 648 381 ἢ
670 349 848 394 beatum
876 346 1071 407 deflere,
1096 349 1263 397 invidia
1290 349 1381 396 est:
1401 350 1594 409 nullum,

299 421 534 469 dementia.

364 489 579 554 XXVQ.
616 496 686 541 An
717 495 806 542 hoc
823 505 866 541 te
890 507 1046 541 movet
1060 531 1077 552 ,
1095 494 1222 558 quod
1238 492 1448 542 videtur
1437 514 1596 561 ingen-

299 566 416 615 tibus
452 581 496 615 et
528 586 629 615 cum
665 568 859 615 maxime
887 568 1161 615 circumfusis
1202 569 1332 616 bonis
1370 570 1594 618 caruifie?

300 658 402 689 cum
437 641 706 704 cogitaveris
741 643 878 687 multa
913 640 998 687 effe
1033 658 1148 704 quae
1185 642 1413 704 perdidit,
1450 642 1596 706 cogita

302 715 428 779 plura
461 715 544 762 effe
567 733 678 780 quae
709 733 799 762 non
828 717 965 763 timet.
997 716 1102 760 Non
1124 714 1185 760 ira
1213 730 1313 761 eum
1340 717 1597 778 torquebit,

303 806 395 835 non
416 790 601 836 morbus
622 790 807 854 affliget,
830 807 919 835 non
941 788 1126 851 suspicio
1146 787 1341 846 lacesset,
1368 805 1459 834 non
1485 791 1597 837 edax

303 874 347 910 et
382 863 561 910 inimica
592 863 765 928 semper
798 863 946 910 alienis
981 861 1248 925 proceffibus
1283 860 1452 908 invidia
1484 878 1597 908 con-

302 936 560 993 sectabitur,
593 954 686 984 non
708 953 850 984 metus
874 934 1135 992 solicitabit‚
1162 950 1254 979 non
1274 932 1426 981 levitas
1449 933 1598 981 form·-⁵

301 1026 383 1057 nae
408 1009 501 1058 cito
530 1027 713 1057 munera
734 1010 808 1056 sua
827 1008 1123 1057 transferentis
1152 1006 1424 1070 inquietabit.
1457 1011 1500 1055 Si
1520 1008 1598 1055 be-

302 1102 358 1131 ne
382 1099 642 1147 computes,
665 1085 761 1148 plus
780 1084 840 1130 illi
866 1083 1090 1131 remifl'um
1108 1118 1121 1140 ‚
1142 1098 1274 1145 quam
1303 1095 1501 1145 ereptum
1523 1083 1598 1132 est.

304 1160 410 1206 Non
438 1159 601 1222 opibus
629 1157 827 1215 fruetur,
859 1174 950 1204 non
981 1170 1056 1204 tua
1085 1156 1209 1203 simul
1240 1172 1288 1201 ac
1323 1155 1394 1201 sua
1428 1157 1596 1220 gratia;

305 1247 398 1278 non
426 1230 612 1294 accipiet
653 1230 894 1288 beneficia,
929 1246 1022 1276 non
1060 1229 1192 1276 dabit.
1237 1227 1444 1274 Miserum
1474 1244 1601 1291 putas

302 1305 426 1364 quod
460 1305 538 1351 ista
568 1304 739 1364 amisit,
770 1323 823 1352 an
853 1305 1027 1352 beatum
1065 1304 1189 1367 quod
1220 1319 1312 1349 non
1347 1300 1598 1350 defiderat?

304 1379 415 1428 mihi
446 1380 574 1426 crede
595 1416 608 1437 ,
641 1379 677 1426 is
703 1379 875 1425 beatior
905 1376 989 1435 est,
1015 1376 1085 1423 cui
1115 1376 1296 1422 fortuna
1325 1377 1600 1439 supervacua

304 1452 392 1510 est,
421 1471 554 1517 quam
577 1452 613 1499 i's
636 1453 705 1500 cui
732 1464 878 1514 parata
906 1447 982 1497 est.
1015 1449 1180 1496 Omnia
1209 1448 1286 1495 ista
1315 1450 1458 1508 bona,
1486 1465 1600 1512 quae

308 1543 392 1574 nos
424 1525 638 1590 speciosa,
664 1526 737 1572 sed
770 1523 913 1571 fallaci
941 1523 1173 1585 voluptate
1205 1521 1447 1576 delectant,
1468 1537 1601 1584 pecu·

306 1600 380 1647 nia
401 1637 414 1657 ,
439 1599 653 1663 dignitas,
677 1598 899 1662 potentia,
930 1596 1099 1660 aliaque
1127 1594 1379 1657 complura,
1399 1595 1454 1640 ad
1487 1609 1602 1657 quae

306 1671 476 1738 generis
501 1672 680 1718 humani
701 1688 830 1718 caeca
850 1669 1068 1733 cupiditas
1092 1666 1359 1729 obstupescit
1376 1703 1389 1725 ,
1419 1684 1518 1715 cum
1539 1667 1599 1712 la·

307 1747 420 1792 bore
453 1743 758 1807 poffidentur‚
782 1760 883 1792 cum
917 1741 1089 1805 invidia
1121 1738 1479 1803 conspiciuntur:
1504 1755 1603 1786 eos·

308 1837 397 1884 que
424 1818 544 1883 ipsos
568 1834 681 1883 quos
704 1829 948 1875 exornant,
976 1828 1019 1863 et
1047 1827 1277 1879 premunt,
1302 1815 1399 1878 plus
1425 1814 1600 1861 minan-

308 1904 404 1948 tur,
425 1908 559 1955 quam
579 1889 779 1954 prosunt.
796 1889 962 1936 lubrica
982 1903 1026 1936 et
1046 1889 1209 1937 incerta
1232 1887 1351 1943 sunt3
1366 1903 1601 1965 nunquam

308 1964 421 2012 bene
440 1976 658 2010 tenentur.
688 1979 788 2008 nam
817 1974 866 2009 ut
895 1960 999 2007 nihil
1031 1960 1087 2007 de
1121 1970 1328 2028 tempore
1363 1952 1516 2004 futuro
1548 1956 1604 2004 ti-

311 2048 512 2093 meatur,
536 2036 627 2099 ipsa
657 2049 803 2083 tamen
832 2050 1015 2098 magnae
1045 2030 1268 2079 felicitatis
1295 2029 1424 2076 tutela
1453 2028 1602 2076 solici-

310 2120 355 2156 ta
374 2107 449 2156 est.
486 2107 529 2154 Si
557 2108 663 2156 velis
690 2108 868 2154 credere
894 2106 1020 2153 altius
1045 2103 1273 2153 veritatem
1299 2101 1603 2161 intuentibus,

310 2182 461 2230 omnis
473 2182 564 2227 vita
585 2181 845 2244 supplicium
864 2179 937 2226 est.
957 2182 1006 2226 In
1024 2180 1113 2226 hoc
1134 2174 1408 2240 profundum
1427 2174 1603 2239 inquie-

312 2268 496 2317 tumque
515 2254 699 2316 proieffi
717 2269 858 2311 mare,
890 2252 1062 2299 alternis
1087 2251 1272 2298 aestibus
1290 2249 1571 2311 reciprocum
1587 2283 1604 2309 ,

313 2340 358 2374 et
376 2329 517 2374 modo
536 2327 727 2374 allevans
747 2343 828 2389 nos
846 2325 994 2372 subitis
1014 2325 1297 2372 incrementis
1316 2360 1330 2380 ‚
1348 2324 1489 2369 modo
1510 2339 1604 2369 ma-

313 2398 483 2447 ioribus
505 2401 683 2448 damnis
712 2399 943 2459 deferens,
978 2399 1228 2462 affidueque
1261 2398 1445 2453 iactans,
1485 2413 1607 2443 nun-

315 2489 449 2537 quam
477 2473 615 2520 stabili
641 2474 913 2524 consistimus
949 2474 1054 2523 loco
1084 2490 1095 2521 ε
1126 2472 1372 2535 pendemus
1402 2483 1452 2535 *et
1490 2468 1603 2518 fluc-
