1741 2919
339 160 373 210 ·4
568 153 618 199 L.
673 151 983 197 ΑΝΝΑΕι
1032 152 1385 197 SENECAE

339 259 397 306 ris
425 259 541 306 hunc
559 258 792 322 praecipue
813 258 1019 305 affecittm
1042 258 1310 322 pertimuisse
1323 295 1336 317 ,
1356 258 1548 304 maxime
1567 275 1622 305 ex

338 333 546 380 omnibus
577 343 761 379 taetrum
780 348 829 378 ac
849 331 1063 378 rabidum.
1112 332 1282 378 Ceteris
1314 332 1427 377 enim
1461 332 1625 395 ahquid

341 405 479 469 quieti
513 404 759 467 piacidique
789 403 931 459 inest;
961 404 1034 449 hic
1063 415 1183 450 totus
1211 404 1451 450 concitatus
1469 440 1482 460 ‚
1514 420 1557 450 et
1581 404 1626 448 in

339 479 509 541 impetu
529 478 696 524 doloris
715 476 776 522 est
797 494 808 523 ε
838 493 1063 522 armorum
1079 512 1092 532 ,
1118 476 1333 540 sanguinis
1347 513 1360 534 ,
1388 476 1626 538 supplicio-

335 569 435 598 rum
452 588 467 609 ,
483 550 666 597 minime
687 550 874 595 humana
902 548 1077 596 fervens
1098 549 1356 611 cupiditate:
1377 551 1480 596 dum
1501 550 1625 596 alteri

338 637 497 672 noceat
511 660 525 683 ,
546 623 608 670 sui
628 623 872 686 negligens,
894 623 939 668 in
963 622 1050 684 ipsa
1070 623 1234 668 irruens
1254 621 1331 667 tela
1345 655 1360 678 ,
1382 636 1425 669 et
1444 622 1624 668 ultionis

336 698 482 745 secum
521 696 713 743 ultorem
749 695 959 741 trafiurae
993 695 1163 742 avidus.
1197 696 1389 754 Quidam
1424 695 1568 758 itaque
1599 711 1623 741 e

335 770 600 833 sapientibus
638 769 747 817 viris
781 769 893 814 iram
935 768 1143 814 dixerunt
1180 768 1367 814 brevem
1398 768 1624 818 insaniam.

333 860 474 906 aeque
495 844 611 890 enim
633 841 853 904 impotens
875 841 938 887 sui
955 840 1037 895 est,
1060 840 1232 887 decoris
1254 842 1387 888 oblita
1402 877 1415 899 ‚
1437 841 1618 888 neceffi-

332 918 541 966 tudinum
563 914 827 972 immernor,
852 913 897 959 in
918 914 1041 977 quod
1060 913 1208 976 coepit
1226 948 1239 969 ‚
1265 916 1464 977 pertinax
1485 926 1527 961 et
1549 915 1619 960 in-

332 1006 483 1048 tenta,
512 988 674 1036 rationi
708 987 986 1050 consiliisque
1015 988 1235 1051 praeclusa
1255 1024 1269 1044 ‚
1307 988 1430 1035 vanis
1465 988 1621 1051 agitata

331 1065 468 1111 caufis
483 1101 496 1121 ,
521 1064 575 1110 ad
604 1062 845 1125 dispectum
865 1062 991 1124 aequi
1021 1062 1204 1126 verique
1227 1062 1429 1109 inhabilis
1444 1099 1456 1118 ‚
1483 1063 1620 1110 ruinis

333 1138 548 1184 simillima
563 1172 577 1194 ‚
603 1153 715 1199 quae
737 1136 864 1198 super
883 1136 927 1182 id
943 1167 958 1189 ‚
974 1135 1097 1198 quod
1115 1135 1365 1197 oppressere
1378 1171 1391 1193 ‚
1413 1135 1620 1199 frangun-

330 1225 418 1258 tur.
438 1214 502 1258 Ut
522 1224 666 1256 autem
698 1208 829 1267 scias,
850 1225 940 1256 non
965 1209 1052 1256 effe
1076 1209 1226 1266 sanos,
1254 1225 1368 1271 quos
1392 1210 1456 1258 ira
1478 1210 1620 1270 poffe-

333 1287 424 1341 dit,
451 1284 594 1346 ipsum
615 1281 794 1328 illorum
822 1281 1019 1328 habitum
1039 1282 1223 1329 intuere.
1249 1282 1364 1328 Nam
1391 1295 1439 1329 ut
1465 1283 1617 1329 furen-

328 1358 440 1404 tium
463 1369 577 1402 certa
598 1354 760 1401 indicia
785 1354 908 1413 sunt,
933 1356 1079 1409 *audax
1105 1370 1148 1402 et
1168 1354 1317 1401 minax
1338 1356 1482 1402 vuitus
1497 1392 1509 1411 ,
1537 1357 1618 1402 tri·

330 1433 403 1478 stis
420 1431 543 1478 frons
558 1466 570 1489 ,
589 1442 716 1478 torva
741 1428 872 1475 facies
889 1464 901 1487 ,
921 1430 1073 1477 citatus
1091 1430 1269 1493 gradus,
1290 1430 1615 1491 inquietae'ma-

332 1523 442 1561 nus,
467 1505 595 1551 color
619 1504 795 1558 versus,
823 1503 974 1550 crebra
993 1539 1006 1561 ‚
1030 1520 1072 1550 et
1102 1503 1404 1552 vehementius
1425 1505 1516 1550 acta
1541 1505 1615 1551 su-

328 1579 457 1642 spiria
477 1596 488 1624 ε
511 1578 569 1623 ita
589 1576 866 1624 irascentium
888 1576 1040 1623 eadem
1062 1576 1179 1640 figna
1199 1575 1308 1623 sunt.
1329 1576 1548 1640 Flagrant,
1570 1592 1615 1625 et

329 1653 493 1698 micant
510 1649 657 1706 oculi,
687 1650 850 1696 multus
868 1665 948 1696 ore
966 1660 1067 1696 toto
1086 1649 1224 1696 rubor
1238 1685 1252 1708 ,
1273 1648 1541 1697 exaestuante
1558 1653 1613 1698 ab

324 1725 428 1772 ‘imis
457 1723 728 1786 praecordiis
756 1722 959 1786 sanguine
974 1740 988 1778 3
1013 1722 1126 1769 labia
1150 1723 1404 1787 quatiuntur
1420 1761 1436 1781 ‚
1463 1726 1613 1773 dentes

328 1796 684 1860 comprimuntur
698 1831 711 1852 ,
731 1795 915 1842 horrent
931 1812 981 1843 ac
1004 1795 1288 1859 subriguntur
1304 1797 1470 1860 capilli,
1489 1797 1613 1861 spiri-

328 1884 397 1919 tus
418 1873 593 1920 coactus
611 1888 661 1918 ac
680 1869 858 1916 stridens
870 1905 883 1927 ‚
902 1869 1182 1917 articulorum
1202 1870 1244 1916 se
1264 1870 1382 1933 ipsos
1400 1883 1611 1934 torquen-

323 1945 436 1992 tium
462 1946 592 1993 sonus
607 1981 621 2003 ‚
646 1935 831 2008 gemitus
848 1978 861 2001 ‚
889 1944 1194 2008 mugitusque,
1221 1956 1267 1992 et
1289 1962 1441 2007 parum
1462 1945 1611 2006 expla-

323 2017 437 2063 natis
463 2016 651 2064 vocibus
677 2016 821 2063 sermo
851 2032 1105 2079 praeruptus
1125 2052 1138 2072 ‚
1164 2029 1207 2064 et
1233 2017 1485 2079 complosae
1515 2017 1609 2064 sae-

326 2089 421 2151 pius
442 2105 593 2136 manus
605 2123 617 2143 ,
637 2100 681 2134 et
699 2087 859 2151 pulsata
877 2088 1034 2134 humus
1052 2087 1260 2150 pedibus,
1278 2102 1324 2134 et
1337 2102 1481 2134 totum
1501 2104 1608 2134 con-

321 2163 460 2209 citum
486 2178 675 2224 corpus,
706 2176 971 2223 magnasque
998 2160 1137 2206 minas
1162 2176 1316 2222 agens,
1346 2160 1477 2206 foeda
1508 2161 1603 2208 visu

321 2244 367 2279 et
385 2233 605 2280 horrenda
631 2231 763 2280 facies
787 2230 1121 2294 depravantium
1153 2230 1219 2287 se,
1243 2242 1372 2293 atque
1391 2231 1602 2277 intumes-

318 2306 529 2353 centium.
551 2305 725 2352 Nescias
737 2341 751 2363 ‚
776 2317 921 2351 utrum
942 2303 1079 2366 magis
1095 2303 1338 2350 detestabile
1354 2304 1512 2350 vitium
1528 2305 1602 2361 fit,

317 2393 375 2422 an
395 2378 607 2425 deforme.
625 2380 787 2426 Cetera
803 2378 904 2425 licet
921 2377 1185 2424 abscondere
1199 2414 1213 2436 ‚
1231 2390 1273 2424 et
1288 2377 1333 2423 in
1352 2378 1505 2425 abdito
1520 2378 1603 2424 ale·

315 2464 364 2496 re
383 2466 394 2496 ε
413 2451 477 2496 Ira
499 2449 539 2496 se
558 2450 755 2513 profert,
775 2450 880 2497 etin
903 2448 1065 2499 faciem
1082 2450 1203 2496 exit:
1225 2463 1481 2514 quantoque
1499 2467 1598 2497 ma·-
