1741 2919
454 164 559 211 DE
609 166 742 212 IRA
793 166 935 212 LIB.
986 166 1093 214 111.
1366 177 1422 226 75

136 270 372 320 cessuri*ad
403 287 469 319 res
499 268 686 335 agendas
717 272 896 319 maioris
926 273 1093 333 negotii
1113 307 1126 328 ‚
1163 273 1296 320 bilem
1325 274 1430 321 cibo

137 358 408 409 temperant,
429 363 558 410 quam
581 348 774 393 maxime
801 361 956 394 movet
975 347 1175 412 fatigatio
1195 367 1204 395 :
1226 348 1314 395 five
1334 348 1438 411 quia

138 421 332 467 calorem
346 420 488 466 inedia
503 421 759 483 compellit,
781 436 822 465 et
840 436 973 467 nocet
993 422 1188 469 sanamini
1205 457 1218 477 ‚
1238 422 1434 482 cursum-

139 511 226 557 que
251 494 368 548 eius,
390 492 515 540 venis
536 493 857 547 laborantibus,
883 493 1009 540 tistit:
1038 494 1126 541 five
1146 494 1246 558 quia
1274 511 1437 558 corpus

138 579 413 613 attenuatum
436 578 479 612 et
506 565 734 611 infirmum
768 566 985 612 incumbit
1021 567 1186 612 animo.
1222 580 1339 612 certe
1374 569 1437 613 ob

139 641 324 687 eandem
347 640 518 686 causam
540 641 846 686 iracundiores
877 640 973 686 suut
1000 641 1250 686 valetudine
1272 652 1346 685 aut
1365 656 1438 686 ae-

138 726 225 760 tate
254 713 359 759 feffi.
385 716 536 760 Fames
563 730 745 776 quoque
774 726 816 759 et
846 713 960 770 sitis,
987 730 1041 758 ex
1073 712 1238 760 eisdem
1275 712 1438 772 causis,

139 785 318 832 vitanda
337 784 399 832 est
417 802 428 831 τ
449 786 671 848 exasperat
689 797 730 830 et
751 784 947 833 incendit
966 785 1153 832 animos:
1189 845 1194 849 Δ

204 859 264 905 Χ.
292 862 431 905 Vetus
450 859 611 905 dictum
633 858 693 905 est
711 895 724 915 ,
752 861 792 904 A
812 858 918 904 lasso
940 858 1076 904 rixam
1098 859 1266 920 quaeri.
1298 876 1438 923 aeque

140 947 287 979 autem
317 944 360 979 et
388 932 441 978 ab
463 933 678 980 esuriente
698 969 711 988 ‚
743 948 785 980 et
805 950 827 979 a
854 933 1045 991 sitiente,
1066 946 1109 980 et
1127 934 1181 981 ab
1205 935 1331 980 omni
1352 934 1412 980 ho
1426 959 1441 967 ·

139 1006 260 1052 mine
284 1023 417 1069 quem
444 1005 588 1068 aliqua
616 1022 685 1053 res
705 1006 807 1052 urit.
835 1007 949 1053 Nam
972 1018 1019 1052 ut
1045 1005 1192 1053 ulcera
1219 1006 1273 1051 ad
1294 1005 1437 1053 levem

140 1079 301 1125 radium
317 1114 330 1137 ‚
362 1078 523 1125 deinde
555 1078 684 1124 etiam
706 1079 760 1124 ad
781 1078 1071 1141 suspicionem
1098 1080 1237 1125 tatius
1262 1080 1439 1125 condo-

136 1149 328 1198 lescunt:
347 1152 405 1198 ita
424 1152 594 1198 animus
614 1151 817 1207 affetum,
833 1152 1026 1199 minimis
1044 1151 1302 1206 offenditur3
1323 1153 1440 1200 adeo

139 1236 187 1273 ut
207 1225 426 1287 quosdam
455 1224 678 1282 salutatio,
699 1222 879 1286 epistola
894 1258 908 1280 ,
929 1224 1098 1282 oratio,
1128 1237 1170 1270 et
1188 1224 1441 1288 interroga-

137 1298 203 1346 tio
236 1297 281 1344 in
313 1296 435 1343 litem
467 1307 677 1343 evocent,
712 1296 956 1358 Nunquam
988 1295 1076 1342 sine
1106 1297 1282 1360 querela
1314 1314 1441 1361 aegra

139 1384 393 1435 tanguntur.
433 1370 669 1434 Optimum
709 1369 771 1417 est
805 1369 979 1434 itaque,
1014 1371 1070 1417 ad
1097 1371 1291 1434 primum
1337 1373 1442 1419 mali

137 1444 304 1492 sensum
319 1444 486 1491 mederi
505 1442 604 1491 fibi:
623 1456 714 1490 tum
735 1442 883 1491 verbis
901 1461 1083 1508 quoque
1100 1444 1184 1491 suis
1206 1445 1443 1494 minimum

137 1518 347 1565 libertatis
365 1519 492 1574 dare,
506 1530 549 1565 et
568 1518 767 1565 inhibere
786 1517 1017 1581 impetum.
1041 1518 1179 1564 Facile
1197 1518 1258 1564 est
1276 1530 1438 1578 autem,

123 1589 319 1638 -affefius
336 1591 461 1649 suos,
493 1608 594 1638 cum
614 1592 808 1654 primum
831 1590 1061 1648 oriuntur,
1092 1591 1440 1652 deprehendere.

141 1664 352 1710 morbum
373 1665 491 1727 signa
516 1676 820 1728 praecurrunt.
842 1663 1237 1725 Quemadmodum
1264 1676 1440 1728 tempe-

141 1738 260 1786 statis
289 1757 338 1787 ac
368 1740 549 1802 pluviae
577 1756 678 1788 ante
703 1740 818 1803 ipsas
841 1751 970 1786 notae
995 1740 1211 1787 veniunt:
1234 1740 1291 1786 ita
1319 1741 1408 1787 irae
1426 1777 1440 1799 ‚

141 1814 332 1873 amoris,
354 1815 648 1879 omniumque
665 1814 841 1861 istarum
860 1815 1155 1878 procellarum
1174 1815 1347 1862 animos
1365 1833 1445 1864 ve-

143 1886 369 1945 xantium,
402 1886 501 1934 sunt
526 1888 740 1951 quaedam
779 1889 1053 1950 praenuntia.
1087 1888 1181 1949 Qui
1222 1890 1440 1938 comitiali

141 1961 257 2009 vitio
275 1961 416 2008 solent
437 1962 635 2025 corripi,
667 1962 754 2009 iam
779 1962 1017 2009 adventare
1043 1963 1345 2010 valetudinem
1369 1963 1439 2011 in-

141 2034 370 2099 telligunt,
400 2035 430 2081 fi
455 2037 578 2083 calor
597 2036 765 2083 summa
791 2035 1010 2095 deseruit,
1042 2048 1085 2083 et
1118 2037 1336 2084 incertum
1370 2038 1439 2085 lu-

143 2124 248 2156 men
261 2144 274 2164 ,
297 2126 638 2173 nervorumque
657 2109 898 2173 trepidatio
919 2109 1002 2169 est,
1019 2110 1047 2156 fi
1064 2110 1281 2158 memoria
1301 2110 1444 2160 subla-

144 2181 293 2241 bitur,
313 2196 537 2247 caputque
559 2185 767 2232 versatur.
800 2184 952 2232 Solitis
977 2185 1125 2248 itaque
1148 2186 1354 2232 remediis
1370 2186 1442 2233 in-

145 2255 382 2319 cipientem
424 2257 570 2305 casum
619 2271 840 2322 occupant
870 2292 882 2314 ‚
930 2273 973 2306 et
1012 2260 1156 2305 odore
1192 2258 1410 2322 gustuque
1430 2297 1445 2318 ,

146 2331 363 2395 quidquid
398 2329 618 2395 estquod
653 2333 812 2381 alienat
843 2334 1043 2392 animos,
1082 2333 1342 2397 repellitur:
1372 2346 1445 2382 aut

144 2404 356 2453 fomenti-5
387 2419 543 2453 contra
563 2406 703 2471 frigus
728 2407 1014 2472 rigoremque
1036 2420 1251 2471 pugnatur
1279 2426 1290 2454 :
1320 2421 1391 2455 aut
1412 2408 1443 2455 fi

144 2496 301 2542 parum
321 2480 539 2528 medicina
560 2480 774 2544 profecit,
805 2481 1061 2531 vitaverunt
1081 2481 1276 2541 turbam,
1295 2494 1337 2529 et
1356 2481 1445 2530 fine
