1741 2919
220 157 427 234 ’,ΒΕ
465 182 512 228 L.
551 181 883 227 ANNAEO
932 181 1255 227 SENECA.
1370 195 1448 225 m

162 289 314 337 stratae
343 288 468 335 Paris.
500 306 548 349 15
568 306 633 334 12.
669 304 782 352 1515
803 323 816 345 ‚
846 287 929 334 fol.
954 290 1179 352 Leguntur
1199 303 1379 351 quoque
1401 287 1448 334 in

163 355 273 402 Bibl.
307 355 458 400 Saucia
495 353 602 400 Sixti
640 354 833 399 Senensis
868 353 941 400 lib.
979 372 1018 399 2.
1053 354 1132 399 sub
1169 353 1297 399 titulo
1329 355 1447 398 Pau-

164 424 255 475 las,
296 419 341 466 in
372 418 506 464 Mich.
537 418 755 464 &Valtheri
785 418 962 464 officina
1003 418 1110 465 Bibl.
1139 418 1184 464 in
1222 420 1268 465 B.
1298 417 1448 463 losuae

165 484 319 530 Arndii
360 483 525 530 Lexico
554 482 869 544 Antiquitatum
903 482 1060 529 Eccles.
1091 483 1136 529 in
1178 482 1287 529 locis
1321 498 1448 528 com-

166 548 374 595 munibus
409 547 711 595 sententiarum
743 549 933 595 Senecae
968 548 1021 594 ab
1040 549 1225 593 Huberto
1257 549 1449 592 Schucte-

158 632 309 674 pusaeo
335 613 534 676 digestis,
571 620 785 675 Autverp.
826 615 972 673 1623,
1014 630 1081 658 12.
1099 613 1144 657 in
1167 615 1227 658 D.
1260 611 1447 673 Georgii

166 680 299 724 Henr.
321 679 474 724 Goezii
502 678 819 724 schediasmate
847 679 900 723 de
925 676 1202 740 supposititiis
1224 678 1274 724 &
1297 677 1445 737 deper-

166 744 264 789 ditis
293 743 412 789 Pauli
439 742 607 805 scriptis
629 778 642 799 ‚
676 742 747 788 ubi
777 744 826 789 &
846 743 968 787 Fabri
1001 742 1330 788 observationes
1366 757 1447 785 ex-

165 807 370 855 hibentur
405 808 629 870 Viteberg.
674 808 791 854 1658
812 840 826 861 ‚
857 824 900 865 4.
937 810 1175 867 Stephanus
1210 807 1447 852 Praetorias

167 872 430 918 Germanica
468 873 668 920 versione
717 872 934 927 donavit,
976 889 1163 930 cumque
1213 888 1263 916 ea
1309 870 1447 916 edidit

167 938 323 983 Hamb.
369 954 508 999 1595,
545 956 584 996 4.
619 939 669 984 &
698 954 799 983 cum
832 936 1023 996 Epistola
1057 937 1192 982 Paulo
1229 935 1449 998 supposita

169 1003 222 1046 ad
259 1002 544 1048 Laodicenses
578 1003 728 1048 Latine
758 1004 808 1049 ὃς
835 1002 1099 1049 Germanice
1141 1001 1314 1047 recusae
1353 1000 1450 1046 sunt

168 1068 351 1114 Bremae
392 1070 534 1121 1602,
573 1086 613 1124 4.
655 1068 861 1128 Denique
894 1068 1022 1113 latine
1066 1066 1334 1112 recudendas
1371 1065 1450 1111 de-

168 1130 234 1176 dit
264 1132 324 1178 D.
355 1134 418 1178 Io.
450 1133 649 1194 Georgius
683 1135 843 1177 Prilius
874 1132 916 1176 in
951 1131 1273 1177 introduffione
1307 1129 1360 1175 ad
1394 1130 1452 1175 N.

169 1197 223 1242 T.
257 1200 306 1242 ln
346 1195 498 1242 iisdem
533 1196 736 1258 Epistolis
777 1196 944 1242 Pseudo
998 1198 1157 1243 Seneca
1192 1196 1278 1251 ait,
1320 1193 1361 1240 se
1393 1194 1451 1240 ad

172 1261 350 1307 Paulum
384 1259 557 1306 mittere
589 1260 738 1303 librum
770 1265 816 1302 de
846 1264 960 1318 copia
985 1264 1204 1303 verborum.
1240 1262 1292 1303 Et
1322 1259 1452 1303 Tho-

172 1324 360 1371 masinus
388 1324 442 1370 de
471 1322 750 1369 Bibliothecis
783 1322 1012 1369 Patavinis⁴
1039 1340 1078 1383 p.
1103 1322 1159 1386 58
1196 1315 1376 1368 testatur
1405 1321 1449 1368 in

172 1388 277 1434 Bibl.
301 1387 551 1433 monasterii
578 1390 616 1432 S.
652 1387 832 1433 Antonii
861 1388 980 1434 urbis
1013 1388 1247 1434 Patavinae
1281 1385 1449 1434 exstare

171 1469 305 1499 manu
323 1465 542 1498 exaratum
561 1455 605 1498 L.
624 1453 787 1498 Annaei
806 1454 994 1499 Senecae
1015 1452 1312 1499 Cordubensis
1331 1452 1449 1498 Stoi-

171 1518 214 1565 ci
249 1517 445 1579 discipuli
478 1517 636 1563 librum
663 1518 716 1562 de
743 1518 871 1576 copia
896 1518 1136 1563 verborum
1173 1517 1227 1563 ad
1267 1519 1310 1563 B.
1338 1520 1450 1563 Pau-

170 1581 277 1629 lum.
305 1584 457 1645 Nugae
474 1616 487 1634 ,
505 1598 642 1644 nugae
660 1616 673 1636 ,
692 1582 834 1641 inquit
860 1582 958 1629 Nic.
983 1582 1201 1629 Antonius
1216 1582 1324 1629 haec
1354 1599 1450 1628 nar-

172 1664 272 1694 rans
302 1647 358 1693 T.
399 1663 432 1691 1.
464 1647 570 1692 Bibl.
598 1649 695 1692 Vet.
721 1648 934 1707 Hispanae
965 1647 1034 1692 lib.
1072 1665 1087 1693 1
1115 1683 1129 1705 ,
1161 1663 1254 1708 cap.
1289 1650 1326 1694 8.
1350 1664 1449 1710 pag.

175 1728 248 1776 31.
274 1712 482 1757 Ceterum
518 1711 596 1757 hae
628 1712 836 1774 Epistolae
870 1715 930 1757 ad
963 1714 1175 1770 Paulum,
1197 1728 1287 1758 non
1311 1713 1451 1758 modo

173 1793 276 1824 cum
309 1779 498 1822 Senecae
534 1775 699 1838 scriptis
738 1776 904 1838 saepius
933 1778 1170 1838 prodiere,
1209 1791 1256 1823 ut
1294 1780 1451 1823 Venet.

182 1857 333 1904 1503,
370 1839 448 1885 fol.
489 1839 604 1885 Baffl.
654 1840 923 1904 1515‚1f01.
959 1843 1048 1888 &c.
1085 1841 1158 1887 sed
1192 1842 1243 1888 &
1281 1842 1452 1888 iunciae

175 1905 344 1966 scriptis
370 1905 660 1968 Apocryphis
691 1905 956 1963 Clementis,
992 1905 1202 1952 Martialis
1238 1906 1453 1952 Lemovi-

175 1970 337 2028 cenfis,
362 1971 412 2017 &
432 1968 645 2025 aliorum,
673 1970 890 2033 Augustae
912 1970 1088 2017 Vindel.
1115 1988 1257 2029 1529,
1292 1973 1331 2018 8.
1367 1971 1451 2016 Sed

176 2036 285 2081 nolo
320 2036 375 2081 de
419 2034 500 2080 illis
538 2034 738 2096 Epistolis
771 2037 856 2081 iam
893 2036 1076 2082 verbum
1115 2036 1312 2093 addere,
1349 2052 1452 2081 cum

177 2099 274 2146 satis
305 2100 358 2146 de
389 2099 470 2145 illis
502 2099 686 2145 dixerim
718 2100 761 2145 in
804 2101 977 2147 Codice
1012 2101 1291 2163 Apocrypho
1326 2101 1453 2147 Novi

178 2163 295 2210 Test.
326 2165 512 2210 Senecae
539 2168 584 2209 de
608 2166 800 2223 fortuitis
833 2168 1010 2212 remediis
1047 2170 1106 2211 ad
1125 2167 1361 2211 Gallionem
1393 2169 1450 2210 li·

181 2231 238 2274 bri
271 2231 327 2275 II.
351 2229 495 2290 scripti
516 2228 559 2274 in
580 2229 681 2273 ssibl.
706 2229 980 2277 Uffenbachii
1004 2229 1153 2288 fuere,
1180 2231 1241 2276 iili
1265 2232 1452 2294 opinor,

180 2293 256 2356 qui
292 2295 550 2355 prodierunt
588 2294 699 2355 Lips.
734 2312 864 2357 1500.
918 2312 1058 2358 1503,
1087 2313 1129 2354 4.
1164 2296 1341 2341 Librum
1376 2299 1452 2342 Se-

180 2373 313 2404 necae
334 2361 380 2404 de
413 2361 679 2404 matrimonio
697 2394 710 2413 ‚
743 2377 874 2422 quem
905 2373 1122 2406 memorat
1150 2360 1420 2408 Trithemius
1439 2393 1454 2416 ‚

183 2438 276 2468 non
306 2423 413 2468 vidit
454 2423 543 2484 ipse
563 2458 575 2478 ‚
605 2436 653 2468 ut
690 2439 796 2486 puto
817 2460 830 2480 ‚
859 2425 929 2471 sed
970 2443 1024 2471 ex
1054 2425 1321 2488 Hieronymi
1355 2429 1382 2473 Ι.
1410 2426 1454 2472 in

183 2487 460 2536 Iovinianum
484 2489 744 2539 nominavit.
764 2492 837 2539 De
859 2489 1013 2539 iaeiaio
1032 2503 1201 2554 praeter
1220 2508 1310 2539 rem
1330 2491 1456 2539 huius

1086 2556 1114 2602 b
1144 2556 1188 2612 iii
