1741 2919
310 156 404 204 234
567 142 615 189 L.
658 141 957 190 ANNAEI
1004 143 1359 192 SENECAE

307 250 361 297 tis
388 249 549 296 liberos
569 248 764 296 sumere?
786 249 883 297 illos
904 250 1032 297 vobis
1054 249 1213 298 sustuli.
1233 250 1375 299 Vultis
1395 250 1584 315 aliquam

308 336 477 385 partem
502 323 701 385 corporis
718 327 734 368 ἓ
754 322 921 374 sumite.
940 325 1044 370 Non
1069 340 1269 387 maguam
1287 340 1380 371 rem
1400 325 1585 386 promit-

307 409 371 442 to.
398 396 487 442 cito
504 407 646 443 totum
670 397 922 460 relinquam.
951 397 1094 444 Vultis
1112 397 1307 459 spiritum
1325 397 1341 443 ?
1361 397 1484 456 Quid
1502 395 1546 442 ni
1564 396 1584 442 ἓ

308 468 470 515 nullam
499 485 671 517 moram
694 469 873 526 faciam,
898 486 988 533 quo
1017 470 1158 516 minus
1189 469 1401 532 recipiatis
1417 504 1432 526 ,
1461 468 1586 530 quod

306 542 495 590 dedistis.
519 560 543 589 a
571 544 749 591 volente
769 543 912 590 feretis
927 580 940 599 ,
969 543 1183 607 quidquid
1215 543 1439 606 petieritis.
1463 541 1586 603 Quid

307 631 416 679 ergo
449 615 546 663 est?
583 615 821 662 maluissem
852 615 1040 674 offerre,
1077 633 1209 680 quam
1238 616 1429 662 tradere.
1462 613 1586 674 Quid

307 705 423 752 opus
452 689 534 737 fuit
561 689 768 738 auferre?
802 690 998 753 accipere
1029 690 1241 754 potuistis·
1271 690 1354 736 Sed
1383 706 1436 735 ne
1468 703 1586 734 nunc

305 761 486 824 quidem
512 762 746 811 auferetis:
772 762 872 826 quia
899 763 1003 809 nihil
1032 762 1241 826 eripitur,
1269 762 1345 808 nisi
1366 760 1585 808 retinenti.

308 833 428 880 Nihil
457 850 626 899 cogor,
646 835 754 882 nihil
781 835 927 899 patior
959 836 1122 882 invitus
1139 871 1153 894 ‚
1184 851 1262 881 nec
1289 835 1434 881 servio
1453 835 1586 890 Dec,

308 907 381 954 sed
414 908 612 958 assentio.
648 926 705 957 eo
741 909 920 973 quidem
958 909 1122 973 magis,
1159 909 1280 972 quod
1313 907 1402 954 scio
1435 905 1586 953 omnia

308 994 426 1028 certa
454 997 497 1029 et
526 981 571 1028 in
591 997 814 1030 aeternum
845 983 958 1030 dieta
982 983 1078 1046 lege
1107 982 1350 1029 decurrere.
1374 985 1473 1029 Fata
1502 995 1586 1027 nos

306 1053 496 1113 ducunt,
515 1070 558 1102 et
576 1068 786 1118 quantum
809 1056 968 1119 cuique
986 1056 1113 1103 restet
1128 1088 1141 1111 ‚
1161 1056 1299 1119 prima
1320 1055 1587 1103 nascentium

308 1128 417 1176 hora
431 1128 649 1194 disposuit.
662 1130 803 1178 Causa
822 1131 982 1193 pendet
998 1148 1051 1176 ex
1071 1131 1217 1189 caus-a,
1233 1132 1400 1194 privata
1412 1145 1461 1176 ac
1481 1128 1587 1192 pub⁴

306 1200 389 1248 lica
421 1201 579 1266 longus
605 1203 719 1250 ordo
752 1220 897 1251 rerum
932 1203 1075 1251 trahit.
1110 1205 1216 1251 Ideo
1243 1203 1415 1251 fortiter
1449 1217 1586 1250 omne

309 1274 534 1321 ferendum
552 1273 640 1322 est:
660 1274 764 1338 quia
782 1292 873 1322 non
889 1311 905 1334 ‚
923 1288 968 1323 ut
988 1288 1190 1339 putamus
1202 1313 1215 1335 ,
1238 1276 1435 1324 incidunt
1454 1290 1584 1322 cunc-

309 1361 351 1393 ta
365 1382 378 1403 ,
400 1346 471 1394 sed
490 1347 686 1395 veniunt.
705 1348 827 1395 Olim
846 1349 1128 1397 constitutum
1152 1349 1213 1396 est
1227 1385 1240 1408 ,
1257 1349 1362 1413 quid
1379 1348 1585 1413 gaudeas,

309 1423 415 1486 quid
435 1421 562 1470 fleas:
584 1437 627 1470 et
646 1424 849 1487 quamvis
870 1442 1026 1488 magna
1046 1425 1245 1472 videatur
1269 1424 1476 1471 varietate
1498 1421 1588 1468 fin-

306 1497 511 1560 gulorum
537 1496 629 1545 vita
654 1496 882 1561 distingui,
909 1497 1072 1545 summa
1091 1498 1135 1544 in
1156 1515 1288 1544 unum
1309 1496 1444 1545 venit.
1460 1512 1587 1544 acce-

305 1569 449 1632 pimus
472 1568 664 1632 peritura
689 1569 885 1631 perituri.
909 1570 1032 1630 Quid
1061 1569 1120 1616 ita
1140 1569 1445 1633 indignamur?
1477 1567 1587 1632 quid

240 1678 242 1681 -
306 1643 562 1707 querimur?
584 1645 636 1691 ad
656 1645 743 1691 hoc
762 1643 896 1706 parati
918 1642 1077 1690 sumus.
1102 1645 1280 1700 Utatur,
1302 1654 1348 1688 ut
1363 1642 1484 1701 vult,
1504 1641 1588 1688 suis

306 1728 458 1763 natura
485 1717 748 1780 corporibus
770 1735 782 1762 :
807 1734 890 1763 nos
913 1716 1011 1763 laeti
1035 1718 1088 1763 ad
1108 1716 1257 1762 omnia
1277 1728 1319 1762 et
1344 1715 1478 1763 fortes
1505 1731 1584 1762 co-

304 1788 527 1850 gitemus,
553 1788 659 1834 nihil
680 1789 821 1851 perire
850 1788 903 1834 de
925 1788 1090 1836 nostro,
1111 1789 1235 1849 Quid
1254 1788 1314 1836 est
1332 1789 1439 1836 boni
1463 1789 1585 1837 viri?

306 1861 514 1923 praebere
541 1857 581 1906 se
602 1860 707 1907 fato.
726 1848 904 1906 Graride
926 1859 1127 1908 solatium
1153 1861 1239 1919 est,
1260 1878 1359 1907 cum
1377 1862 1585 1909 universo

302 1922 417 1995 rapi.
454 1932 688 1996 Quidquid
719 1932 780 1979 est
811 1933 932 1996 quod
968 1950 1049 1981 nos
1080 1934 1138 1982 fic
1172 1934 1325 1980 vivere
1354 1933 1495 1990 instit,
1526 1933 1584 1982 fic

309 2006 426 2052 mori
450 2023 462 2053 ε
483 2006 636 2052 eadem
665 2005 912 2053 necestitate
933 2022 976 2053 et
997 2008 1104 2054 deos
1131 2007 1286 2071 alligat.
1313 2007 1586 2055 irrevocabi-

308 2077 362 2123 lis
388 2076 573 2123 humana
602 2077 763 2139 pariter
797 2094 848 2124 ac
874 2079 1022 2124 divina
1051 2079 1198 2126 cursus
1228 2078 1361 2125 vehit.
1391 2078 1469 2126 Ille
1496 2079 1585 2142 ipse

305 2149 507 2197 omnium
528 2148 734 2196 conditor
751 2165 799 2195 ac
820 2151 961 2196 ῐεὲὶοτ
982 2149 1146 2212 scripsit
1167 2149 1343 2212 quidem
1365 2147 1479 2207 fata,
1512 2150 1584 2198 sed

298 2222 513 2285 ,sequium
544 2222 713 2284 semper
746 2233 902 2282 paret,
930 2222 1060 2268 semel
1093 2221 1220 2270 iuffit.
1256 2224 1407 2282 Quare
1436 2234 1583 2269 tamen

308 2295 434 2343 Deus
452 2307 540 2341 tam
560 2292 733 2357 iniquus
753 2292 798 2339 in
819 2293 1125 2341 distributione
1149 2293 1226 2342 fati
1254 2294 1358 2351 fuit,
1375 2306 1426 2340 ut
1454 2294 1584 2341 bonis

306 2366 413 2413 viris
437 2380 739 2430 paupertatem
754 2399 769 2422 ‚
790 2368 996 2426 vulnera,
1016 2384 1060 2414 et
1080 2368 1234 2414 acerba
1253 2366 1403 2414 funera
1422 2366 1580 2414 adscri-

305 2437 456 2487 beret?
492 2439 599 2488 Non
632 2439 776 2503 potest
803 2439 954 2489 artifex
983 2456 1150 2490 mutare
1185 2439 1442 2489 materiem:
1474 2439 1582 2491 haec
