1741 2919
287 143 351 193 86
548 153 600 199 L.
646 152 946 200 ANNAEI
999 154 1358 203 SENECAE

284 259 410 308 fallat
429 296 443 319 ,
463 271 674 326 tanquam
701 262 850 325 aliquo
875 275 1079 326 tempore
1095 298 1108 319 ,
1128 263 1279 326 aliquo
1298 262 1403 309 loco
1423 260 1582 326 profu-³

286 346 415 393 tura,
440 334 710 382 ostendenda
739 335 801 383 est
830 336 971 383 rabies
1005 337 1098 384 eius
1127 336 1359 384 effraenata
1391 348 1435 382 et
1467 348 1584 383 atto-

287 406 380 453 nita
398 424 410 453 ε
430 421 755 471 apparatusque
779 408 842 454 illi
861 407 1107 456 reddendus
1125 409 1185 456 est
1204 409 1301 455 suus
1316 440 1330 464 ‚
1350 408 1516 466 eculei,
1539 419 1585 456 et

285 478 519 539 fidiculae,
545 496 588 527 et
614 479 855 544 ergastula,
884 493 927 528 et
951 498 1129 540 cruces,
1158 494 1201 529 et
1221 482 1476 529 circumdati
1501 482 1583 528 de-

285 547 411 596 foffis
435 549 703 612 corporibus
727 550 876 614 ignes,
906 563 949 598 et
970 552 1182 600 cadavera
1202 568 1383 616 quoque
1407 552 1584 599 trahens

287 638 455 680 uncus,
484 622 608 670 varia
637 622 921 670 vinculorum
953 641 1138 687 genera,
1163 625 1284 673 varia
1304 641 1547 688 poenarum
1568 658 1584 682 ‚

285 692 579 740 lacerationes
610 694 944 754 membrorum,
980 695 1286 759 inscriptiones
1316 697 1501 755 frontis,
1536 710 1582 743 et

284 766 519 813 bestiarum
539 767 798 815 immanium
818 785 999 815 caveae.
1022 771 1138 816 inter
1163 769 1269 817 haec
1294 770 1579 816 instrumenta

284 840 535 887 collocetur
554 840 618 888 ira
635 877 650 898 ‚
676 841 823 887 dirum
842 842 1053 904 quiddam
1078 854 1208 906 atque
1227 843 1462 890 horridum
1483 843 1579 890 stri-

283 914 392 962 dens
407 947 421 971 ,
443 916 652 963 omnibus
671 932 750 979 per
773 932 884 979 quae
904 915 1008 962 furit
1026 916 1222 964 taetrior,

354 993 432 1038 IV.
457 993 520 1037 Ut
543 991 597 1037 de
621 990 781 1038 ceteris
807 990 987 1037 dubium
1018 991 1092 1049 fit,
1122 990 1229 1037 nulli
1259 1002 1377 1038 certe
1407 990 1578 1038 affefflui

282 1065 413 1130 peior
423 1063 486 1112 est
498 1065 667 1123 vultus,
685 1081 818 1128 quem
833 1064 878 1111 in
891 1065 1111 1128 prioribus
1124 1065 1243 1111 libris
1260 1064 1579 1127 descripsimus,

283 1141 486 1203 asperum
518 1150 561 1185 et
595 1155 771 1195 acrem,
803 1152 847 1185 et
877 1155 993 1185 nunc
1028 1138 1172 1184 subito
1206 1138 1445 1184 retrorsum
1481 1138 1578 1184 san-

285 1213 418 1277 guine
438 1211 592 1275 fugato
608 1247 621 1270 ,
643 1211 873 1274 pallentem
887 1246 901 1269 ‚
933 1228 1051 1258 nunc
1071 1211 1117 1257 in
1145 1227 1196 1257 os
1216 1210 1339 1256 omni
1359 1211 1505 1256 calore
1526 1226 1577 1256 ac

283 1284 436 1348 spiritu
471 1284 599 1331 verso
614 1319 629 1340 ,
656 1283 1030 1329 subrubicundum
1047 1317 1060 1340 ,
1086 1295 1129 1329 et
1148 1281 1328 1328 similem
1358 1295 1541 1329 cruento
1558 1317 1574 1339 ,

281 1358 412 1406 venis
432 1356 727 1412 tumentibus,
760 1357 901 1403 oculis
930 1373 1048 1402 nunc
1071 1355 1253 1419 trepidis
1275 1368 1318 1401 et
1342 1355 1578 1401 exsilienti-

282 1431 366 1479 bus
385 1467 398 1488 ,
424 1447 542 1477 nunc
569 1430 614 1476 in
634 1446 726 1476 uno
748 1430 906 1476 obtutu
926 1427 1080 1475 defixis
1099 1443 1142 1475 et
1165 1427 1457 1474 haerentibus.
1478 1428 1577 1473 Ad-

280 1503 367 1551 iice
394 1504 591 1550 dentium
625 1502 739 1548 inter
769 1502 811 1549 se
844 1501 1157 1556 arietatorum,
1188 1513 1231 1546 et
1269 1500 1459 1563 aliquem
1489 1499 1574 1546 effe

282 1577 558 1640 cupientium
575 1612 588 1634 ,
620 1593 711 1623 non
731 1575 863 1621 alium
883 1575 1039 1621 sonum
1054 1607 1068 1630 ‚
1091 1591 1223 1636 quam
1248 1572 1311 1620 est
1328 1573 1440 1636 apris
1457 1609 1470 1629 ,
1492 1573 1576 1619 tela

279 1651 354 1697 sua
380 1651 532 1696 attritu
556 1649 822 1697 acuentibus.
845 1647 999 1694 Adiice
1019 1647 1307 1695 articulorum
1325 1646 1539 1709 crepitum
1559 1682 1574 1705 ,

278 1740 380 1770 cum
398 1723 439 1770 se
459 1722 573 1784 ipsae
591 1738 744 1768 manus
760 1722 978 1784 frangunt,
997 1733 1040 1767 et
1059 1720 1272 1783 pulsatum
1284 1718 1452 1782 saepius
1473 1735 1573 1781 pec·

278 1809 371 1851 tus,
391 1796 605 1842 anhelitus
626 1795 804 1842 crebros
820 1830 833 1853 ,
853 1794 1103 1856 tra&csqiie
1123 1792 1249 1840 altius
1273 1792 1483 1856 gemitus,
1503 1793 1573 1838 in-

278 1867 427 1915 stabile
447 1884 610 1931 corpus
625 1903 638 1926 ,
659 1868 825 1914 incerta
843 1867 978 1913 verba
998 1866 1145 1913 subitis
1165 1865 1572 1922 exclamationibus,

275 1939 509 1989 trementia
538 1939 679 1999 labra,
712 1940 1023 2003 interdumque
1054 1937 1324 2001 compressa,
1353 1951 1397 1985 et
1422 1938 1569 1983 dirum

274 2014 484 2077 quiddam
507 2010 786 2058 exsibilantia.
806 2013 1009 2058 Ferarum
1023 2047 1039 2068 ‚
1053 2010 1323 2057 mehercules
1337 2045 1349 2066 ,
1370 2009 1457 2055 five
1475 2009 1568 2055 illas

274 2086 414 2132 fames
431 2084 621 2147 exagitat
638 2119 652 2141 ,
674 2083 764 2130 five
781 2081 969 2129 infixum
996 2081 1238 2131 visceribus
1267 2080 1430 2127 ferrum
1450 2115 1464 2138 ,
1485 2080 1567 2126 mi-

275 2175 362 2205 nus
385 2169 520 2204 taetra
539 2155 672 2203 facies
693 2155 778 2213 est,
807 2157 938 2202 etiam
957 2172 1058 2203 cum
1078 2166 1340 2203 venatorem
1357 2152 1481 2198 suum
1501 2153 1567 2199 se-

272 2231 503 2278 mianimes
533 2229 680 2277 morsu
713 2230 869 2276 ultimo
900 2240 1082 2292 petunt,
1113 2244 1244 2291 quam
1277 2226 1472 2273 hominis
1500 2227 1566 2273 ira

270 2304 505 2367 flagrantis.
529 2307 650 2368 Age,
684 2305 716 2350 fi
741 2304 951 2351 exaudire
988 2318 1123 2350 voces
1156 2318 1207 2348 ac
1241 2300 1379 2348 minas
1407 2313 1567 2357 vacet,

269 2377 414 2441 qualia
441 2377 738 2438 excarnificati
762 2377 898 2424 animi
923 2377 1060 2425 verba
1084 2375 1218 2423 sunt?
1251 2390 1401 2421 nonne
1429 2389 1566 2420 revo-

261 2463 362 2498 care
379 2447 420 2495 se
444 2448 630 2513 quisque
647 2448 702 2496 ab
722 2448 789 2496 ira
809 2447 966 2507 volet,
994 2463 1097 2497 cum
1116 2445 1379 2495 intellexerit
1396 2443 1519 2492 illam
1533 2458 1559 2489 a
