1741 2919
295 189 396 238 DE
443 184 1013 236 PRovaNTiA
1050 166 1283 232 maen.
1352 197 1443 247 ιη

162 295 356 361 guinem,
378 310 420 345 et
438 297 562 361 supra
581 294 816 343 Servilium
830 293 973 339 lacum
996 292 1072 358 (id
1090 292 1208 340 enim
1230 291 1445 356 proscrip-

161 370 300 417 tionis
327 371 521 417 Sullanae
554 367 804 432 spoliarium
827 364 917 430 est)
942 366 1190 412 senatorum
1220 365 1385 428 capita,
1402 382 1447 415 et

164 442 316 506 paffim
342 455 549 506 vagantes
568 458 646 504 per
669 440 822 486 urbem
854 438 1154 502 percussorum
1185 455 1335 501 greges
1364 458 1374 485 :
1401 452 1445 487 et

165 516 301 563 multa
326 517 457 563 millia
483 515 649 563 civium
681 515 986 560 Romanorum
1004 548 1017 570 ‚
1037 528 1129 557 uno
1152 512 1259 558 loco
1278 512 1374 575 post
1394 512 1449 559 fi-

166 589 266 635 dem
281 624 295 647 ,
314 588 454 635 immo
473 605 552 651 per
575 587 710 650 ipsam
740 587 872 633 fidem
894 585 1122 633 trucidata.
1138 585 1327 631 Videant
1344 585 1418 631 ista
1433 621 1450 643 ,

166 664 245 726 qui
273 663 468 710 exsulare
496 678 586 708 non
625 662 815 725 possunt.
853 662 979 722 Quid
1004 660 1146 724 ergo?
1179 659 1286 707 felix
1310 660 1370 707 est
1400 664 1451 709 L.

165 736 307 794 Sulla,
329 737 452 799 quod
469 736 532 781 illi
551 734 830 782 descendenti
849 735 902 781 ad
923 733 1072 781 forum
1095 733 1240 796 gladio
1267 734 1450 781 submo-

166 821 319 866 vetur,
337 809 460 872 quod
480 808 620 870 capita
643 807 937 855 consularium
959 807 1164 853 virorum
1190 807 1349 869 patitur
1368 825 1450 871 ap-

166 883 334 948 pendi,
359 896 401 929 et
426 883 617 946 pretium
643 883 785 929 caedis
811 898 891 945 per
916 881 1189 945 quaestorem
1210 899 1260 929 ac
1286 884 1452 932 tabulas

166 956 363 1021 publicas
393 960 625 1003 numerat?
652 969 694 1001 et
722 956 829 1003 haec
850 958 999 1002 omnia
1020 955 1248 1012 facitille,
1279 958 1355 1021 qui
1384 958 1452 1005 le-

166 1049 266 1096 gem
298 1031 553 1079 Corneliam
585 1030 694 1078 tulit.
730 1031 972 1077 Veniamus
994 1031 1048 1077 ad
1078 1032 1307 1094 Regulum.
1342 1033 1452 1095 quid

168 1105 228 1151 illi
259 1103 438 1150 fortuna
464 1103 644 1160 nocuit,
672 1103 795 1165 quod
822 1103 941 1150 illum
971 1105 1286 1152 documentum
1314 1102 1418 1153 fi'dei
1436 1140 1452 1164 ,

166 1177 488 1223 documentum
519 1175 757 1237 patientiae
787 1175 922 1224 fecit?
955 1177 1110 1241 Figunt
1130 1193 1278 1225 cutem
1310 1179 1454 1238 clavi,

167 1261 212 1295 et
243 1264 513 1311 quocunque
540 1247 765 1311 fatigatum
796 1265 963 1312 corpus
992 1251 1247 1310 reclinavit,
1274 1253 1454 1301 vulneri

169 1318 420 1377 incumbit,
451 1335 495 1366 et
523 1319 568 1365 in
603 1333 858 1383 perpetuam
895 1321 1087 1385 vigiliam
1122 1322 1321 1385 suspensa
1357 1323 1456 1373 sunt

169 1395 346 1441 lumina.
378 1395 561 1453 Quanto
587 1393 683 1455 plus
712 1393 950 1453 tormenti,
975 1406 1098 1442 tanto
1119 1397 1214 1459 plus
1241 1397 1321 1444 erit
1353 1397 1456 1462 glo-

170 1469 270 1514 riae.
295 1467 375 1514 Vis
401 1467 531 1525 scire,
559 1482 690 1530 quam
721 1483 812 1513 non
845 1466 1068 1531 poeniteat
1099 1469 1185 1516 hoc
1209 1470 1354 1532 pretio
1380 1487 1458 1516 ae·-

173 1540 358 1588 stimaffe
393 1540 634 1588 virtutem?
659 1539 813 1588 Refice
842 1553 892 1588 tu
922 1542 1043 1588 illum
1059 1579 1075 1601 ‚
1097 1555 1140 1590 et
1167 1544 1290 1591 mitte
1314 1546 1359 1591 in
1387 1544 1457 1592 se-

173 1629 322 1661 natum
355 1633 365 1662 :
394 1615 578 1662 eandem
611 1614 869 1662 sententiam
903 1616 1032 1665 dicet.
1066 1617 1320 1665 Feliciorem
1347 1636 1457 1683 ergo

172 1698 220 1733 tu
241 1690 539 1736 Maecenatem
565 1701 717 1749 putas,
754 1686 823 1733 cui
850 1687 1078 1735 amoribus
1107 1689 1266 1747 anxio,
1292 1703 1336 1738 et
1358 1708 1459 1738 mo-

171 1759 293 1806 rosae
311 1761 463 1807 uxoris
481 1759 740 1823 quotidiana
757 1759 938 1821 repudia
953 1760 1164 1820 deflenti,
1183 1761 1360 1811 somnus
1377 1781 1458 1828 per

172 1831 537 1895 symphoniarum
560 1844 732 1879 cantum
747 1869 761 1893 ‚
787 1849 842 1879 ex
864 1833 1111 1897 longinquo
1134 1835 1230 1883 lene
1249 1836 1458 1884 resonam-

171 1906 310 1964 tium,
341 1905 597 1970 quaeritur?
632 1907 764 1952 Mero
794 1906 834 1952 se
852 1905 954 1953 licet
973 1906 1139 1969 sopiat,
1175 1920 1220 1955 et
1239 1925 1453 1971 aquarum

170 1978 415 2044 fragoribus
437 1992 615 2038 avocet,
634 1994 677 2027 et
698 1980 814 2027 mille
836 1981 1140 2044 voluptatibus
1164 1996 1358 2032 mentem
1375 2003 1458 2034 an-

172 2051 288 2098 xiam
308 2051 431 2100 fallat
450 2071 461 2100 z
483 2064 570 2099 tam
589 2053 788 2116 vigilabit
807 2053 850 2098 in
869 2053 1037 2116 pluma,
1056 2071 1188 2117 quam
1208 2055 1280 2103 ille
1299 2057 1344 2103 in
1363 2075 1460 2106 cru·

170 2141 235 2174 ce.
269 2127 355 2173 Sed
387 2126 447 2174 illi
475 2126 675 2174 solatium
707 2126 797 2185 est,
830 2144 913 2190 pro
940 2127 1126 2175 honesto
1157 2129 1264 2176 dura
1293 2131 1458 2178 tolera-

174 2217 222 2247 re
238 2236 253 2257 ‚
279 2216 323 2249 et
345 2201 400 2249 ad
427 2202 598 2250 causam
622 2218 646 2248 a
674 2201 883 2265 patientia
914 2200 1119 2265 respicit:
1146 2204 1266 2251 hunc
1291 2205 1459 2269 volup-

174 2273 332 2321 tatibus
364 2276 638 2334 marcidum,
674 2287 718 2322 et
756 2275 963 2323 felicitate
994 2277 1128 2323 nimia
1158 2277 1461 2341 laborantem,

173 2346 310 2409 magis
329 2346 399 2393 his
425 2363 537 2410 quae
557 2347 718 2409 patitur
740 2361 868 2394 vexat
888 2347 1011 2394 causa
1032 2347 1237 2410 patiendi.
1266 2350 1372 2397 Non
1389 2369 1476 2400 iis-2
1533 2402 1536 2405 ,

174 2435 262 2483 que
288 2434 345 2467 eo
371 2419 417 2477 iq
445 2420 755 2483 poffeffionem
782 2422 951 2485 generis
984 2422 1162 2470 humani
1188 2422 1297 2469 vitia
1324 2441 1461 2473 vene-

171 2503 299 2549 runt,
322 2505 369 2540 ut
402 2493 586 2541 dubium
615 2493 691 2553 fit,
726 2511 783 2541 an
810 2493 1023 2543 eleuione
1052 2493 1129 2542 fati
1160 2495 1284 2555 data,
1315 2498 1461 2561 plures

1158 2562 1190 2606 l>
1228 2578 1254 2608 2.
