1741 2919
317 153 406 202 &4
540 142 590 188 L
646 115 1358 188 ANNAEISENECAE

308 248 479 311 postem
506 247 706 306 tenenti,
732 260 775 296 et
801 247 1071 311 Capitolium
1101 249 1348 306 dedicanti,
1374 265 1492 297 mors
1519 247 1597 295 filii

310 324 504 370 nuntiata
525 324 585 371 est
607 343 617 371 :
646 341 779 388 quam
800 324 870 370 ille
886 324 1110 371 ⁸exaudisse
1145 324 1404 372 diffimulans
1421 361 1434 382 ‚
1456 337 1497 372 et
1515 324 1597 371 sol·

307 397 467 444 lemnia
503 396 769 460 pontificalis
798 397 1004 462 carminis
1032 397 1169 444 verba
1202 397 1432 459 concepit,
1461 397 1597 459 gemi-

309 483 357 518 tu
391 489 482 518 non
513 472 856 533 interrumpente
893 470 1224 533 precationem,
1255 484 1297 518 et
1328 471 1380 516 ad
1414 469 1493 516 filii
1531 469 1594 517 fiii

306 558 493 599 nomen,
515 547 622 591 love
646 542 902 606 propitiato.
920 543 1106 590 Putasses
1127 544 1221 590 eius
1244 544 1381 591 luCtus
1401 543 1591 606 aliquem

307 618 440 665 finem
464 618 548 665 effe
575 618 733 664 debere
750 650 763 671 ‚
794 617 914 664 cuius
936 617 1100 678 primus
1121 617 1235 673 dies,
1260 617 1425 679 primus
1455 617 1596 679 impe-

305 704 375 738 tus
395 692 448 738 ab
469 691 675 738 altaribus
693 689 903 754 publicis,
931 701 972 736 et
992 689 1127 736 fausta
1147 691 1475 753 nuncupatione
1502 707 1595 739 non

306 764 490 810 abduxit
512 776 694 826 patrem.
723 762 899 826 Dignus
928 762 1178 809 mehercule
1208 762 1288 808 fuit
1314 763 1593 810 memorabili

306 835 613 893 dedicatione,
645 834 800 898 dignus
824 822 1086 897 ampliffimo
1114 834 1384 891 sacerdotio,
1409 836 1483 900 qui
1513 853 1592 884 co-

303 909 392 955 lere
425 910 532 956 deos
557 924 611 954 ne
632 907 768 954 iratos
798 908 976 971 quidem
1004 907 1174 954 destitit.
1200 909 1317 955 Idem
1344 925 1518 968 tamen,
1545 921 1593 957 ut

303 981 433 1028 rediit
453 982 639 1028 domum
655 1012 670 1036 ‚
701 993 743 1028 et
767 981 970 1044 implevit
990 982 1146 1028 oculos
1165 1017 1178 1039 ,
1207 995 1248 1028 et
1270 982 1432 1046 aliquas
1455 980 1592 1030 voces

303 1055 471 1103 flebiles
500 1055 640 1102 misit:
670 1054 712 1101 et
741 1054 952 1118 peractis,
979 1072 1092 1118 quae
1125 1071 1223 1101 mos
1249 1070 1340 1102 erat
1375 1055 1590 1118 praestare

303 1128 546 1186 defunffis,
566 1128 620 1175 ad
640 1129 945 1191 Capitolinum
966 1128 1086 1175 illum
1110 1129 1238 1175 rediit
1256 1129 1441 1176 vultum.
1460 1129 1590 1176 Paul-

303 1203 370 1250 lus
389 1201 503 1250 circa
516 1202 615 1250 illos
630 1201 885 1249 nobiliffimi
902 1200 1119 1264 triumphi
1135 1201 1226 1249 dies
1242 1238 1256 1259 ,
1277 1218 1367 1265 quo
1389 1201 1588 1248 vinclum

303 1288 405 1324 ante
432 1293 610 1323 currum
631 1276 719 1340 egit
747 1275 931 1334 Persen,
959 1275 1100 1322 incliti
1126 1275 1240 1337 regis
1263 1291 1450 1331 nomen,
1477 1275 1588 1320 duos

303 1349 419 1399 filios
438 1351 482 1397 in
500 1351 788 1414 adoptionem
809 1349 958 1397 dedit:
982 1366 1097 1413 quos
1117 1348 1195 1396 fibi
1218 1348 1492 1404 servaverat,
1514 1364 1588 1393 ex-

301 1424 413 1470 tulit.
435 1423 598 1484 Quales
622 1433 816 1469 retentos
835 1434 959 1484 putas
975 1456 989 1479 ,
1020 1438 1122 1468 cum
1141 1421 1254 1467 inter
1272 1419 1587 1467 commodatos

301 1497 452 1559 Scipio
473 1495 648 1542 fuisset?
671 1496 778 1541 Non
798 1495 886 1541 fine
907 1506 1032 1541 motu
1049 1510 1239 1542 vacuum
1255 1493 1387 1539 Paulli
1407 1508 1585 1538 currum

301 1569 496 1632 populus
513 1570 740 1615 Romanus
762 1567 940 1631 aspexit.
961 1567 1246 1614 concionatus
1264 1564 1324 1612 est
1342 1580 1486 1612 tamen
1506 1601 1519 1622 ‚
1541 1576 1586 1611 et

301 1643 389 1706 egit
418 1643 500 1690 diis
521 1642 677 1705 gratias
694 1678 708 1699 ‚
732 1642 855 1705 quod
873 1658 1059 1704 compos
1076 1640 1174 1688 voti
1199 1640 1330 1700 faflus
1345 1638 1461 1685 effet.
1478 1639 1584 1684 Pre-

303 1729 448 1763 catum
473 1716 591 1762 enim
614 1714 655 1760 se
670 1750 683 1772 ,
704 1730 753 1761 ut
773 1713 802 1759 fi
822 1714 928 1777 quid
947 1715 1007 1759 ob
1025 1713 1244 1776 ingentem
1265 1711 1497 1758 victoriam
1516 1710 1584 1755 in-

300 1791 449 1837 vidiae
481 1789 671 1835 dandum
701 1787 827 1842 effer,
853 1788 898 1833 id
926 1787 1003 1834 suo
1028 1787 1205 1848 potius,
1235 1802 1364 1847 quam
1395 1782 1582 1847 publico

299 1864 464 1910 damno
495 1861 750 1908 solveretur.
779 1860 916 1906 Vides
941 1876 1072 1922 quam
1103 1874 1266 1922 magno
1293 1857 1441 1904 animo
1470 1856 1582 1902 tule-

299 1935 387 1982 rit?
407 1933 583 1981 orbitati
611 1933 709 1979 suae
729 1931 961 1995 gratulatus
982 1931 1054 1977 est.
1077 1934 1269 1994 Ecquem
1290 1929 1428 1992 magis
1447 1940 1579 1990 pote-

295 2021 363 2054 rat
392 2022 576 2053 movere
597 2017 713 2050 tanta
733 2004 918 2051 mutatio
940 2003 957 2050 ?
979 2003 1126 2049 solatia
1152 2002 1276 2048 simul
1302 2014 1430 2064 atque
1451 2001 1578 2058 auxi-

296 2080 352 2126 lia
370 2079 580 2141 perdidit:
601 2094 693 2124 non
710 2077 894 2140 contigit
910 2087 1055 2122 tamen
1073 2074 1235 2123 tristem
1249 2073 1444 2133 Paullum
1462 2072 1577 2121 Perfi

295 2151 462 2198 videre.

359 2226 484 2272 le.
507 2223 632 2284 Quid
656 2239 769 2269 nunc
789 2237 832 2270 te
862 2240 940 2286 per
963 2221 1293 2268 innumerabilia
1313 2235 1574 2284 magnorum

293 2296 494 2344 virorum
519 2296 722 2358 exempla
742 2297 898 2342 ducam
914 2329 928 2351 ‚
950 2311 992 2343 et
1008 2311 1210 2357 quaeram
1233 2293 1434 2339 miseros?
1456 2290 1576 2356 quasi

293 2389 386 2418 non
419 2371 636 2417 difficilius
662 2371 739 2428 fit,
770 2371 970 2417 invenire
1002 2369 1165 2416 felices.
1191 2370 1344 2428 Quota
1374 2382 1572 2431 quaeque

293 2444 451 2491 domus
470 2460 607 2507 usque
633 2446 686 2491 ad
715 2444 883 2492 exitum
910 2443 1116 2491 omnibus
1136 2442 1329 2506 partibus
1352 2440 1436 2488 suis
1459 2454 1575 2493 con-3
