<?xml version="1.0" encoding="UTF-8"?>
<!DOCTYPE html PUBLIC "-//W3C//DTD XHTML 1.0 Transitional//EN"
    "http://www.w3.org/TR/xhtml1/DTD/xhtml1-transitional.dtd">
<html xmlns="http://www.w3.org/1999/xhtml" xml:lang="en" lang="en">
 <head>
  <title>
</title>
<meta http-equiv="Content-Type" content="text/html;charset=utf-8" />
  <meta name='ocr-system' content='tesseract 3.04.00' />
  <meta name='ocr-capabilities' content='ocr_page ocr_carea ocr_par ocr_line ocrx_word'/>
</head>
<body>
  <div class='ocr_page' id='page_1' title='image "./lannaeisenecaeph01seneuoft_0258.png"; bbox 0 0 1741 2919; ppageno 0'>
   <div class='ocr_carea' id='block_1_1' title="bbox 303 206 1364 257">
    <p class='ocr_par' dir='ltr' id='par_1_1' title="bbox 303 206 1364 257">
     <span class='ocr_line' id='line_1_1' title="bbox 303 206 1364 257; baseline -0.005 0"><span class='ocrx_word' id='word_1_1' title='bbox 303 217 396 257; x_wconf 79' lang='lat'>212&#39;</span> <span class='ocrx_word' id='word_1_2' title='bbox 563 211 611 256; x_wconf 89' lang='lat' dir='ltr'>L.</span> <span class='ocrx_word' id='word_1_3' title='bbox 659 208 956 254; x_wconf 78' lang='lat' dir='ltr'>ANNAEI</span> <span class='ocrx_word' id='word_1_4' title='bbox 1007 206 1364 253; x_wconf 77' lang='lat' dir='ltr'><strong>SENECAE</strong></span> 
     </span>
    </p>
   </div>
   <div class='ocr_carea' id='block_1_2' title="bbox 283 313 1583 1764">
    <p class='ocr_par' dir='ltr' id='par_1_2' title="bbox 283 313 1583 1764">
     <span class='ocr_line' id='line_1_2' title="bbox 297 313 1581 379; baseline -0.004 -14"><span class='ocrx_word' id='word_1_5' title='bbox 297 318 428 365; x_wconf 86' lang='lat' dir='ltr'>dotio</span> <span class='ocrx_word' id='word_1_6' title='bbox 459 316 712 372; x_wconf 79' lang='lat' dir='ltr'>videretur,</span> <span class='ocrx_word' id='word_1_7' title='bbox 738 326 933 362; x_wconf 85' lang='lat' dir='ltr'>materna</span> <span class='ocrx_word' id='word_1_8' title='bbox 963 314 1051 361; x_wconf 84' lang='lat' dir='ltr'>fine</span> <span class='ocrx_word' id='word_1_9' title='bbox 1073 314 1212 361; x_wconf 73' lang='lat' dir='ltr'>(lubio</span> <span class='ocrx_word' id='word_1_10' title='bbox 1243 313 1581 379; x_wconf 80' lang='lat' dir='ltr'>suffragatione:</span> 
     </span>
     <span class='ocr_line' id='line_1_3' title="bbox 296 384 1583 448; baseline -0.003 -14"><span class='ocrx_word' id='word_1_11' title='bbox 296 387 367 434; x_wconf 78' lang='lat' dir='ltr'>secl</span> <span class='ocrx_word' id='word_1_12' title='bbox 396 403 447 432; x_wconf 83' lang='lat' dir='ltr'>ne</span> <span class='ocrx_word' id='word_1_13' title='bbox 467 402 606 432; x_wconf 76' lang='lat' dir='ltr'>mater</span> <span class='ocrx_word' id='word_1_14' title='bbox 626 387 805 448; x_wconf 72' lang='lat' dir='ltr'>quidem</span> <span class='ocrx_word' id='word_1_15' title='bbox 827 386 901 431; x_wconf 85' lang='lat' dir='ltr'>nifi</span> <span class='ocrx_word' id='word_1_16' title='bbox 925 402 1007 447; x_wconf 85' lang='lat' dir='ltr'>pro</span> <span class='ocrx_word' id='word_1_17' title='bbox 1027 386 1151 431; x_wconf 90' lang='lat' dir='ltr'>bono</span> <span class='ocrx_word' id='word_1_18' title='bbox 1175 384 1407 431; x_wconf 74' lang='lat' dir='ltr'>candidato</span> <span class='ocrx_word' id='word_1_19' title='bbox 1426 385 1583 431; x_wconf 76' lang='lat' dir='ltr'>valuis-</span> 
     </span>
     <span class='ocr_line' id='line_1_4' title="bbox 294 456 1583 521; baseline -0.002 -14"><span class='ocrx_word' id='word_1_20' title='bbox 294 461 368 507; x_wconf 85' lang='lat' dir='ltr'><strong>set.</strong></span> <span class='ocrx_word' id='word_1_21' title='bbox 388 461 556 506; x_wconf 85' lang='lat' dir='ltr'>Harum</span> <span class='ocrx_word' id='word_1_22' title='bbox 576 460 620 506; x_wconf 88' lang='lat' dir='ltr'>in</span> <span class='ocrx_word' id='word_1_23' title='bbox 641 459 1015 521; x_wconf 72' lang='lat' dir='ltr'>contemplatione</span> <span class='ocrx_word' id='word_1_24' title='bbox 1040 459 1252 505; x_wconf 81' lang='lat' dir='ltr'>virtutum</span> <span class='ocrx_word' id='word_1_25' title='bbox 1274 456 1366 503; x_wconf 87' lang='lat' dir='ltr'>filio</span> <span class='ocrx_word' id='word_1_26' title='bbox 1384 459 1583 521; x_wconf 83' lang='lat' dir='ltr'>iungere,</span> 
     </span>
     <span class='ocr_line' id='line_1_5' title="bbox 293 533 1583 598; baseline -0.002 -17"><span class='ocrx_word' id='word_1_27' title='bbox 293 548 501 598; x_wconf 78' lang='lat' dir='ltr'>tanquam</span> <span class='ocrx_word' id='word_1_28' title='bbox 531 534 561 579; x_wconf 80' lang='lat' dir='ltr'>si</span> <span class='ocrx_word' id='word_1_29' title='bbox 597 550 717 579; x_wconf 86' lang='lat' dir='ltr'>nunc</span> <span class='ocrx_word' id='word_1_30' title='bbox 757 533 828 579; x_wconf 89' lang='lat' dir='ltr'>ille</span> <span class='ocrx_word' id='word_1_31' title='bbox 858 533 937 580; x_wconf 89' lang='lat' dir='ltr'>tibi</span> <span class='ocrx_word' id='word_1_32' title='bbox 975 534 1110 597; x_wconf 82' lang='lat' dir='ltr'>magis</span> <span class='ocrx_word' id='word_1_33' title='bbox 1145 545 1287 580; x_wconf 86' lang='lat' dir='ltr'>vacet.</span> <span class='ocrx_word' id='word_1_34' title='bbox 1309 534 1440 580; x_wconf 91' lang='lat' dir='ltr'>Nunc</span> <span class='ocrx_word' id='word_1_35' title='bbox 1476 533 1583 579; x_wconf 81' lang='lat' dir='ltr'>nihil</span> 
     </span>
     <span class='ocr_line' id='line_1_6' title="bbox 291 606 1582 671; baseline -0.003 -15"><span class='ocrx_word' id='word_1_36' title='bbox 291 610 423 657; x_wconf 89' lang='lat' dir='ltr'>habet</span> <span class='ocrx_word' id='word_1_37' title='bbox 440 625 531 671; x_wconf 87' lang='lat' dir='ltr'>quo</span> <span class='ocrx_word' id='word_1_38' title='bbox 550 623 763 655; x_wconf 80' lang='lat' dir='ltr'>avocetur</span> <span class='ocrx_word' id='word_1_39' title='bbox 782 625 793 653; x_wconf 94' lang='lat'><strong>:</strong></span> <span class='ocrx_word' id='word_1_40' title='bbox 816 624 1037 670; x_wconf 83' lang='lat' dir='ltr'>nunquam</span> <span class='ocrx_word' id='word_1_41' title='bbox 1058 607 1136 654; x_wconf 78' lang='lat' dir='ltr'>tibi</span> <span class='ocrx_word' id='word_1_42' title='bbox 1158 606 1422 654; x_wconf 86' lang='lat' dir='ltr'>solicitudini</span> <span class='ocrx_word' id='word_1_43' title='bbox 1436 643 1450 664; x_wconf 87' lang='lat'>,</span> <span class='ocrx_word' id='word_1_44' title='bbox 1471 624 1582 653; x_wconf 87' lang='lat' dir='ltr'>nun-</span> 
     </span>
     <span class='ocr_line' id='line_1_7' title="bbox 289 679 1581 747; baseline -0.003 -18"><span class='ocrx_word' id='word_1_45' title='bbox 289 700 423 747; x_wconf 86' lang='lat' dir='ltr'>quam</span> <span class='ocrx_word' id='word_1_46' title='bbox 454 683 653 729; x_wconf 83' lang='lat' dir='ltr'>moerori</span> <span class='ocrx_word' id='word_1_47' title='bbox 680 681 776 728; x_wconf 86' lang='lat' dir='ltr'>erit.</span> <span class='ocrx_word' id='word_1_48' title='bbox 795 682 934 741; x_wconf 78' lang='lat' dir='ltr'>Quod</span> <span class='ocrx_word' id='word_1_49' title='bbox 961 698 1100 727; x_wconf 88' lang='lat' dir='ltr'>unum</span> <span class='ocrx_word' id='word_1_50' title='bbox 1128 698 1186 727; x_wconf 81' lang='lat' dir='ltr'>ex</span> <span class='ocrx_word' id='word_1_51' title='bbox 1215 693 1300 727; x_wconf 87' lang='lat' dir='ltr'>tam</span> <span class='ocrx_word' id='word_1_52' title='bbox 1330 681 1453 728; x_wconf 87' lang='lat' dir='ltr'>bono</span> <span class='ocrx_word' id='word_1_53' title='bbox 1486 679 1581 726; x_wconf 71' lang='lat' dir='ltr'>filio</span> 
     </span>
     <span class='ocr_line' id='line_1_8' title="bbox 288 751 1578 819; baseline -0.003 -18"><span class='ocrx_word' id='word_1_54' title='bbox 288 768 463 819; x_wconf 85' lang='lat' dir='ltr'>poteras</span> <span class='ocrx_word' id='word_1_55' title='bbox 497 753 651 800; x_wconf 84' lang='lat' dir='ltr'>dolere</span> <span class='ocrx_word' id='word_1_56' title='bbox 678 789 690 810; x_wconf 92' lang='lat'>‚</span> <span class='ocrx_word' id='word_1_57' title='bbox 726 752 903 799; x_wconf 84' lang='lat' dir='ltr'>doluisti</span> <span class='ocrx_word' id='word_1_58' title='bbox 941 769 951 798; x_wconf 73' lang='grc' dir='ltr'><strong>ε</strong></span> <span class='ocrx_word' id='word_1_59' title='bbox 994 766 1140 799; x_wconf 84' lang='lat' dir='ltr'>cetera</span> <span class='ocrx_word' id='word_1_60' title='bbox 1174 769 1345 800; x_wconf 84' lang='lat' dir='ltr'>exemta</span> <span class='ocrx_word' id='word_1_61' title='bbox 1379 751 1578 808; x_wconf 76' lang='lat' dir='ltr'>casibus,</span> 
     </span>
     <span class='ocr_line' id='line_1_9' title="bbox 287 826 1577 894; baseline -0.004 -16"><span class='ocrx_word' id='word_1_62' title='bbox 287 832 415 894; x_wconf 81' lang='lat' dir='ltr'>plena</span> <span class='ocrx_word' id='word_1_63' title='bbox 435 829 676 891; x_wconf 83' lang='lat' dir='ltr'>voluptatis</span> <span class='ocrx_word' id='word_1_64' title='bbox 696 830 792 876; x_wconf 80' lang='lat' dir='ltr'>{unt</span> <span class='ocrx_word' id='word_1_65' title='bbox 807 865 820 886; x_wconf 88' lang='lat'><strong>‚</strong></span> <span class='ocrx_word' id='word_1_66' title='bbox 842 828 871 874; x_wconf 86' lang='lat' dir='ltr'><strong>fi</strong></span> <span class='ocrx_word' id='word_1_67' title='bbox 900 828 1040 874; x_wconf 80' lang='lat' dir='ltr'>modo</span> <span class='ocrx_word' id='word_1_68' title='bbox 1062 827 1123 874; x_wconf 81' lang='lat' dir='ltr'>uti</span> <span class='ocrx_word' id='word_1_69' title='bbox 1145 826 1236 873; x_wconf 80' lang='lat' dir='ltr'>filio</span> <span class='ocrx_word' id='word_1_70' title='bbox 1261 828 1363 885; x_wconf 78' lang='lat' dir='ltr'>scis,</span> <span class='ocrx_word' id='word_1_71' title='bbox 1386 827 1415 873; x_wconf 81' lang='lat' dir='ltr'>fi</span> <span class='ocrx_word' id='word_1_72' title='bbox 1437 828 1577 874; x_wconf 85' lang='lat' dir='ltr'>modo</span> 
     </span>
     <span class='ocr_line' id='line_1_10' title="bbox 286 898 1578 965; baseline -0.002 -17"><span class='ocrx_word' id='word_1_73' title='bbox 286 903 393 965; x_wconf 88' lang='lat' dir='ltr'>quid</span> <span class='ocrx_word' id='word_1_74' title='bbox 424 901 470 948; x_wconf 87' lang='lat' dir='ltr'>in</span> <span class='ocrx_word' id='word_1_75' title='bbox 497 901 574 947; x_wconf 85' lang='lat' dir='ltr'>illo</span> <span class='ocrx_word' id='word_1_76' title='bbox 604 899 956 963; x_wconf 59' lang='lat' dir='ltr'>pretiosissimum</span> <span class='ocrx_word' id='word_1_77' title='bbox 988 898 1122 945; x_wconf 81' lang='lat' dir='ltr'>fuerit</span> <span class='ocrx_word' id='word_1_78' title='bbox 1142 935 1155 956; x_wconf 87' lang='lat'><strong>‚</strong></span> <span class='ocrx_word' id='word_1_79' title='bbox 1184 898 1399 962; x_wconf 72' lang='lat' dir='ltr'>intelligis.</span> <span class='ocrx_word' id='word_1_80' title='bbox 1428 903 1578 962; x_wconf 77' lang='lat' dir='ltr'>Imago</span> 
     </span>
     <span class='ocr_line' id='line_1_11' title="bbox 286 972 1576 1037; baseline -0.003 -15"><span class='ocrx_word' id='word_1_81' title='bbox 286 976 513 1022; x_wconf 80' lang='lat' dir='ltr'>dumtaxat</span> <span class='ocrx_word' id='word_1_82' title='bbox 545 973 621 1020; x_wconf 86' lang='lat' dir='ltr'>filii</span> <span class='ocrx_word' id='word_1_83' title='bbox 650 975 713 1020; x_wconf 85' lang='lat' dir='ltr'>tui</span> <span class='ocrx_word' id='word_1_84' title='bbox 750 974 903 1037; x_wconf 80' lang='lat' dir='ltr'>periit,</span> <span class='ocrx_word' id='word_1_85' title='bbox 932 989 975 1019; x_wconf 90' lang='lat' dir='ltr'>et</span> <span class='ocrx_word' id='word_1_86' title='bbox 1004 973 1171 1036; x_wconf 75' lang='lat' dir='ltr'>effigies</span> <span class='ocrx_word' id='word_1_87' title='bbox 1203 989 1294 1019; x_wconf 88' lang='lat' dir='ltr'>non</span> <span class='ocrx_word' id='word_1_88' title='bbox 1327 972 1541 1018; x_wconf 69' lang='lat' dir='ltr'>simillima</span> <span class='ocrx_word' id='word_1_89' title='bbox 1566 991 1576 1018; x_wconf 90' lang='lat'>:</span> 
     </span>
     <span class='ocr_line' id='line_1_12' title="bbox 286 1043 1580 1109; baseline -0.003 -16"><span class='ocrx_word' id='word_1_90' title='bbox 286 1046 375 1109; x_wconf 86' lang='lat' dir='ltr'>ipse</span> <span class='ocrx_word' id='word_1_91' title='bbox 404 1045 584 1108; x_wconf 86' lang='lat' dir='ltr'>quidem</span> <span class='ocrx_word' id='word_1_92' title='bbox 610 1058 810 1092; x_wconf 84' lang='lat' dir='ltr'>aeternus</span> <span class='ocrx_word' id='word_1_93' title='bbox 829 1081 842 1102; x_wconf 85' lang='lat'>‚</span> <span class='ocrx_word' id='word_1_94' title='bbox 873 1044 1158 1107; x_wconf 77' lang='lat' dir='ltr'>meliorisque</span> <span class='ocrx_word' id='word_1_95' title='bbox 1185 1061 1303 1091; x_wconf 87' lang='lat' dir='ltr'>nunc</span> <span class='ocrx_word' id='word_1_96' title='bbox 1331 1043 1462 1091; x_wconf 86' lang='lat' dir='ltr'>status</span> <span class='ocrx_word' id='word_1_97' title='bbox 1488 1043 1548 1090; x_wconf 86' lang='lat' dir='ltr'>est</span> <span class='ocrx_word' id='word_1_98' title='bbox 1565 1079 1580 1101; x_wconf 90' lang='lat'><strong>‚</strong></span> 
     </span>
     <span class='ocr_line' id='line_1_13' title="bbox 290 1118 1579 1183; baseline -0.002 -15"><span class='ocrx_word' id='word_1_99' title='bbox 290 1119 552 1183; x_wconf 79' lang='lat' dir='ltr'>despoliatus</span> <span class='ocrx_word' id='word_1_100' title='bbox 588 1119 798 1166; x_wconf 80' lang='lat' dir='ltr'>oneribus</span> <span class='ocrx_word' id='word_1_101' title='bbox 834 1120 1018 1172; x_wconf 76' lang='lat' dir='ltr'>alienis,</span> <span class='ocrx_word' id='word_1_102' title='bbox 1045 1132 1088 1166; x_wconf 89' lang='lat' dir='ltr'>et</span> <span class='ocrx_word' id='word_1_103' title='bbox 1123 1118 1200 1165; x_wconf 79' lang='lat' dir='ltr'>fibi</span> <span class='ocrx_word' id='word_1_104' title='bbox 1231 1119 1417 1166; x_wconf 62' lang='lat' dir='ltr'>relietus.</span> <span class='ocrx_word' id='word_1_105' title='bbox 1458 1119 1579 1165; x_wconf 90' lang='lat' dir='ltr'>Haec</span> 
     </span>
     <span class='ocr_line' id='line_1_14' title="bbox 286 1191 1580 1257; baseline -0.002 -17"><span class='ocrx_word' id='word_1_106' title='bbox 286 1210 398 1257; x_wconf 75' lang='lat' dir='ltr'>quae</span> <span class='ocrx_word' id='word_1_107' title='bbox 432 1193 556 1240; x_wconf 85' lang='lat' dir='ltr'>vides</span> <span class='ocrx_word' id='word_1_108' title='bbox 581 1191 674 1238; x_wconf 77' lang='lat' dir='ltr'>offa</span> <span class='ocrx_word' id='word_1_109' title='bbox 701 1193 1027 1240; x_wconf 87' lang='lat' dir='ltr'>circumvoluta</span> <span class='ocrx_word' id='word_1_110' title='bbox 1060 1193 1232 1247; x_wconf 87' lang='lat' dir='ltr'>nervis,</span> <span class='ocrx_word' id='word_1_111' title='bbox 1268 1204 1311 1239; x_wconf 91' lang='lat' dir='ltr'>et</span> <span class='ocrx_word' id='word_1_112' title='bbox 1340 1192 1580 1239; x_wconf 62' lang='lat' dir='ltr'>obductam</span> 
     </span>
     <span class='ocr_line' id='line_1_15' title="bbox 285 1267 1577 1330; baseline -0.002 -15"><span class='ocrx_word' id='word_1_113' title='bbox 285 1281 431 1316; x_wconf 77' lang='lat' dir='ltr'>cutem</span> <span class='ocrx_word' id='word_1_114' title='bbox 451 1303 464 1326; x_wconf 88' lang='lat'><strong>‚</strong></span> <span class='ocrx_word' id='word_1_115' title='bbox 495 1268 758 1330; x_wconf 86' lang='lat' dir='ltr'>vultumque</span> <span class='ocrx_word' id='word_1_116' title='bbox 778 1303 791 1325; x_wconf 86' lang='lat'>,</span> <span class='ocrx_word' id='word_1_117' title='bbox 826 1267 1112 1315; x_wconf 69' lang='lat' dir='ltr'>erministras</span> <span class='ocrx_word' id='word_1_118' title='bbox 1143 1284 1295 1314; x_wconf 85' lang='lat' dir='ltr'>manus</span> <span class='ocrx_word' id='word_1_119' title='bbox 1313 1304 1327 1324; x_wconf 92' lang='lat'>,</span> <span class='ocrx_word' id='word_1_120' title='bbox 1356 1280 1399 1314; x_wconf 91' lang='lat' dir='ltr'>et</span> <span class='ocrx_word' id='word_1_121' title='bbox 1434 1280 1577 1314; x_wconf 87' lang='lat' dir='ltr'>cetera</span> 
     </span>
     <span class='ocr_line' id='line_1_16' title="bbox 283 1339 1574 1404; baseline -0.001 -17"><span class='ocrx_word' id='word_1_122' title='bbox 283 1341 441 1404; x_wconf 80' lang='lat' dir='ltr'>quibus</span> <span class='ocrx_word' id='word_1_123' title='bbox 460 1340 652 1388; x_wconf 85' lang='lat' dir='ltr'>involuti</span> <span class='ocrx_word' id='word_1_124' title='bbox 678 1341 844 1397; x_wconf 88' lang='lat' dir='ltr'>sumus,</span> <span class='ocrx_word' id='word_1_125' title='bbox 866 1339 1045 1388; x_wconf 79' lang='lat' dir='ltr'>vincula</span> <span class='ocrx_word' id='word_1_126' title='bbox 1066 1341 1318 1388; x_wconf 86' lang='lat' dir='ltr'>animorum</span> <span class='ocrx_word' id='word_1_127' title='bbox 1345 1341 1574 1388; x_wconf 87' lang='lat' dir='ltr'>tenebrae-</span> 
     </span>
     <span class='ocr_line' id='line_1_17' title="bbox 284 1411 1573 1475; baseline -0.002 -15"><span class='ocrx_word' id='word_1_128' title='bbox 284 1429 369 1475; x_wconf 81' lang='lat' dir='ltr'>que</span> <span class='ocrx_word' id='word_1_129' title='bbox 386 1413 493 1460; x_wconf 84' lang='lat' dir='ltr'>sunt.</span> <span class='ocrx_word' id='word_1_130' title='bbox 517 1412 733 1458; x_wconf 77' lang='lat' dir='ltr'>Obruitur</span> <span class='ocrx_word' id='word_1_131' title='bbox 754 1413 819 1458; x_wconf 86' lang='lat' dir='ltr'>his</span> <span class='ocrx_word' id='word_1_132' title='bbox 841 1412 1034 1469; x_wconf 78' lang='lat' dir='ltr'>animus,</span> <span class='ocrx_word' id='word_1_133' title='bbox 1057 1411 1323 1469; x_wconf 79' lang='lat' dir='ltr'>offuscatur,</span> <span class='ocrx_word' id='word_1_134' title='bbox 1353 1411 1573 1468; x_wconf 84' lang='lat' dir='ltr'>inficitur,</span> 
     </span>
     <span class='ocr_line' id='line_1_18' title="bbox 284 1484 1574 1540; baseline -0.002 -9"><span class='ocrx_word' id='word_1_135' title='bbox 284 1501 455 1533; x_wconf 82' lang='lat' dir='ltr'>arcetur</span> <span class='ocrx_word' id='word_1_136' title='bbox 483 1501 508 1530; x_wconf 85' lang='lat' dir='ltr'>a</span> <span class='ocrx_word' id='word_1_137' title='bbox 532 1484 650 1530; x_wconf 87' lang='lat' dir='ltr'>veris</span> <span class='ocrx_word' id='word_1_138' title='bbox 679 1500 721 1531; x_wconf 88' lang='lat' dir='ltr'>et</span> <span class='ocrx_word' id='word_1_139' title='bbox 742 1485 851 1540; x_wconf 85' lang='lat' dir='ltr'>suis,</span> <span class='ocrx_word' id='word_1_140' title='bbox 879 1485 922 1530; x_wconf 87' lang='lat' dir='ltr'>in</span> <span class='ocrx_word' id='word_1_141' title='bbox 944 1484 1043 1530; x_wconf 84' lang='lat' dir='ltr'>falsa</span> <span class='ocrx_word' id='word_1_142' title='bbox 1070 1485 1296 1532; x_wconf 67' lang='lat' dir='ltr'>conie&amp;us</span> <span class='ocrx_word' id='word_1_143' title='bbox 1317 1503 1326 1530; x_wconf 93' lang='lat'>:</span> <span class='ocrx_word' id='word_1_144' title='bbox 1349 1501 1484 1532; x_wconf 88' lang='lat' dir='ltr'>omne</span> <span class='ocrx_word' id='word_1_145' title='bbox 1513 1484 1574 1530; x_wconf 88' lang='lat' dir='ltr'>illi</span> 
     </span>
     <span class='ocr_line' id='line_1_19' title="bbox 284 1556 1572 1619; baseline -0.001 -16"><span class='ocrx_word' id='word_1_146' title='bbox 284 1574 384 1603; x_wconf 84' lang='lat' dir='ltr'>cum</span> <span class='ocrx_word' id='word_1_147' title='bbox 409 1557 490 1602; x_wconf 87' lang='lat' dir='ltr'>hac</span> <span class='ocrx_word' id='word_1_148' title='bbox 515 1572 644 1602; x_wconf 84' lang='lat' dir='ltr'>carne</span> <span class='ocrx_word' id='word_1_149' title='bbox 663 1557 784 1619; x_wconf 82' lang='lat' dir='ltr'>gravi</span> <span class='ocrx_word' id='word_1_150' title='bbox 806 1570 1026 1603; x_wconf 88' lang='lat' dir='ltr'>certamen</span> <span class='ocrx_word' id='word_1_151' title='bbox 1051 1556 1139 1612; x_wconf 86' lang='lat' dir='ltr'>est,</span> <span class='ocrx_word' id='word_1_152' title='bbox 1165 1573 1217 1602; x_wconf 88' lang='lat' dir='ltr'>ne</span> <span class='ocrx_word' id='word_1_153' title='bbox 1244 1556 1510 1602; x_wconf 73' lang='lat' dir='ltr'>abstrahatur</span> <span class='ocrx_word' id='word_1_154' title='bbox 1529 1566 1572 1602; x_wconf 91' lang='lat' dir='ltr'>et</span> 
     </span>
     <span class='ocr_line' id='line_1_20' title="bbox 284 1626 1574 1683; baseline 0.002 -11"><span class='ocrx_word' id='word_1_155' title='bbox 284 1627 420 1674; x_wconf 77' lang='lat' dir='ltr'>fidat:</span> <span class='ocrx_word' id='word_1_156' title='bbox 443 1626 594 1673; x_wconf 83' lang='lat' dir='ltr'>nititur</span> <span class='ocrx_word' id='word_1_157' title='bbox 611 1627 714 1683; x_wconf 78' lang='lat' dir='ltr'>ino,</span> <span class='ocrx_word' id='word_1_158' title='bbox 747 1629 862 1675; x_wconf 88' lang='lat' dir='ltr'>unde</span> <span class='ocrx_word' id='word_1_159' title='bbox 891 1630 1085 1676; x_wconf 82' lang='lat' dir='ltr'>dimiffus</span> <span class='ocrx_word' id='word_1_160' title='bbox 1112 1629 1185 1675; x_wconf 84' lang='lat' dir='ltr'>est.</span> <span class='ocrx_word' id='word_1_161' title='bbox 1206 1629 1267 1675; x_wconf 86' lang='lat' dir='ltr'>ibi</span> <span class='ocrx_word' id='word_1_162' title='bbox 1293 1630 1413 1675; x_wconf 84' lang='lat' dir='ltr'>illum</span> <span class='ocrx_word' id='word_1_163' title='bbox 1433 1643 1574 1677; x_wconf 87' lang='lat' dir='ltr'>aeter-</span> 
     </span>
     <span class='ocr_line' id='line_1_21' title="bbox 284 1700 1574 1764; baseline 0 -17"><span class='ocrx_word' id='word_1_164' title='bbox 284 1717 340 1747; x_wconf 82' lang='lat' dir='ltr'>na</span> <span class='ocrx_word' id='word_1_165' title='bbox 364 1700 535 1764; x_wconf 79' lang='lat' dir='ltr'>requies</span> <span class='ocrx_word' id='word_1_166' title='bbox 567 1712 744 1759; x_wconf 86' lang='lat' dir='ltr'>manet,</span> <span class='ocrx_word' id='word_1_167' title='bbox 771 1718 795 1748; x_wconf 89' lang='lat' dir='ltr'>e</span> <span class='ocrx_word' id='word_1_168' title='bbox 823 1701 1013 1750; x_wconf 79' lang='lat' dir='ltr'>confusis</span> <span class='ocrx_word' id='word_1_169' title='bbox 1043 1700 1277 1764; x_wconf 84' lang='lat' dir='ltr'>craffisque</span> <span class='ocrx_word' id='word_1_170' title='bbox 1308 1717 1418 1764; x_wconf 86' lang='lat' dir='ltr'>pura</span> <span class='ocrx_word' id='word_1_171' title='bbox 1446 1713 1489 1748; x_wconf 88' lang='lat' dir='ltr'>et</span> <span class='ocrx_word' id='word_1_172' title='bbox 1520 1701 1574 1747; x_wconf 89' lang='lat' dir='ltr'>li-</span> 
     </span>
    </p>
   </div>
   <div class='ocr_carea' id='block_1_3' title="bbox 286 1773 1573 1908">
    <p class='ocr_par' dir='ltr' id='par_1_3' title="bbox 286 1773 1573 1908">
     <span class='ocr_line' id='line_1_22' title="bbox 286 1773 669 1839; baseline -0.005 -17"><span class='ocrx_word' id='word_1_173' title='bbox 286 1775 418 1839; x_wconf 73' lang='lat' dir='ltr'>quida</span> <span class='ocrx_word' id='word_1_174' title='bbox 444 1773 669 1820; x_wconf 87' lang='lat' dir='ltr'>visentem.</span> 
     </span>
     <span class='ocr_line' id='line_1_23' title="bbox 349 1843 1573 1908; baseline 0 -16"><span class='ocrx_word' id='word_1_175' title='bbox 349 1847 502 1893; x_wconf 85' lang='lat' dir='ltr'>XXV.</span> <span class='ocrx_word' id='word_1_176' title='bbox 528 1846 718 1892; x_wconf 82' lang='lat' dir='ltr'>Proinde</span> <span class='ocrx_word' id='word_1_177' title='bbox 736 1860 829 1891; x_wconf 89' lang='lat' dir='ltr'>non</span> <span class='ocrx_word' id='word_1_178' title='bbox 849 1843 908 1889; x_wconf 88' lang='lat' dir='ltr'>est</span> <span class='ocrx_word' id='word_1_179' title='bbox 928 1844 1051 1906; x_wconf 88' lang='lat' dir='ltr'>quod</span> <span class='ocrx_word' id='word_1_180' title='bbox 1072 1844 1124 1890; x_wconf 89' lang='lat' dir='ltr'>ad</span> <span class='ocrx_word' id='word_1_181' title='bbox 1147 1844 1388 1908; x_wconf 85' lang='lat' dir='ltr'>sepulcrum</span> <span class='ocrx_word' id='word_1_182' title='bbox 1411 1843 1489 1891; x_wconf 89' lang='lat' dir='ltr'>filii</span> <span class='ocrx_word' id='word_1_183' title='bbox 1507 1846 1573 1892; x_wconf 90' lang='lat' dir='ltr'>tui</span> 
     </span>
    </p>
   </div>
   <div class='ocr_carea' id='block_1_4' title="bbox 284 1918 1573 2569">
    <p class='ocr_par' dir='ltr' id='par_1_4' title="bbox 284 1918 1573 2569">
     <span class='ocr_line' id='line_1_24' title="bbox 285 1918 1573 1982; baseline 0 -16"><span class='ocrx_word' id='word_1_184' title='bbox 285 1936 447 1966; x_wconf 85' lang='lat' dir='ltr'>curras.</span> <span class='ocrx_word' id='word_1_185' title='bbox 466 1919 645 1982; x_wconf 80' lang='lat' dir='ltr'>peffima</span> <span class='ocrx_word' id='word_1_186' title='bbox 670 1921 790 1976; x_wconf 85' lang='lat' dir='ltr'>eius,</span> <span class='ocrx_word' id='word_1_187' title='bbox 818 1931 860 1964; x_wconf 88' lang='lat' dir='ltr'>et</span> <span class='ocrx_word' id='word_1_188' title='bbox 880 1918 958 1980; x_wconf 73' lang='lat' dir='ltr'>ipti</span> <span class='ocrx_word' id='word_1_189' title='bbox 978 1918 1273 1965; x_wconf 82' lang='lat' dir='ltr'>molestissima</span> <span class='ocrx_word' id='word_1_190' title='bbox 1293 1918 1384 1966; x_wconf 80' lang='lat' dir='ltr'>istic</span> <span class='ocrx_word' id='word_1_191' title='bbox 1405 1918 1573 1978; x_wconf 83' lang='lat' dir='ltr'>iacent,</span> 
     </span>
     <span class='ocr_line' id='line_1_25' title="bbox 285 1991 1571 2055; baseline 0.001 -17"><span class='ocrx_word' id='word_1_192' title='bbox 285 1992 379 2038; x_wconf 80' lang='lat' dir='ltr'>offa</span> <span class='ocrx_word' id='word_1_193' title='bbox 411 1992 697 2055; x_wconf 81' lang='lat' dir='ltr'>cineresque:</span> <span class='ocrx_word' id='word_1_194' title='bbox 729 2007 820 2036; x_wconf 91' lang='lat' dir='ltr'>non</span> <span class='ocrx_word' id='word_1_195' title='bbox 854 1991 990 2053; x_wconf 82' lang='lat' dir='ltr'>magis</span> <span class='ocrx_word' id='word_1_196' title='bbox 1017 1991 1131 2037; x_wconf 78' lang='lat' dir='ltr'>illius</span> <span class='ocrx_word' id='word_1_197' title='bbox 1159 2004 1299 2054; x_wconf 87' lang='lat' dir='ltr'>partes</span> <span class='ocrx_word' id='word_1_198' title='bbox 1329 2009 1460 2054; x_wconf 81' lang='lat' dir='ltr'>quam</span> <span class='ocrx_word' id='word_1_199' title='bbox 1494 2010 1571 2040; x_wconf 83' lang='lat' dir='ltr'>ve·</span> 
     </span>
     <span class='ocr_line' id='line_1_26' title="bbox 285 2067 1571 2130; baseline 0 -17"><span class='ocrx_word' id='word_1_200' title='bbox 285 2068 366 2114; x_wconf 80' lang='lat' dir='ltr'>stes</span> <span class='ocrx_word' id='word_1_201' title='bbox 379 2099 394 2122; x_wconf 89' lang='lat'><strong>‚</strong></span> <span class='ocrx_word' id='word_1_202' title='bbox 414 2068 582 2130; x_wconf 84' lang='lat' dir='ltr'>aliaque</span> <span class='ocrx_word' id='word_1_203' title='bbox 599 2077 849 2129; x_wconf 83' lang='lat' dir='ltr'>tegumenta</span> <span class='ocrx_word' id='word_1_204' title='bbox 865 2082 1123 2128; x_wconf 85' lang='lat' dir='ltr'>corporum.</span> <span class='ocrx_word' id='word_1_205' title='bbox 1144 2069 1315 2130; x_wconf 86' lang='lat' dir='ltr'>Integer</span> <span class='ocrx_word' id='word_1_206' title='bbox 1329 2067 1399 2113; x_wconf 92' lang='lat' dir='ltr'>ille</span> <span class='ocrx_word' id='word_1_207' title='bbox 1414 2102 1427 2125; x_wconf 90' lang='lat'>‚</span> <span class='ocrx_word' id='word_1_208' title='bbox 1443 2067 1571 2114; x_wconf 90' lang='lat' dir='ltr'>nihil-</span> 
     </span>
     <span class='ocr_line' id='line_1_27' title="bbox 284 2137 1570 2204; baseline 0.002 -19"><span class='ocrx_word' id='word_1_209' title='bbox 284 2157 373 2204; x_wconf 86' lang='lat' dir='ltr'>que</span> <span class='ocrx_word' id='word_1_210' title='bbox 395 2141 441 2185; x_wconf 89' lang='lat' dir='ltr'>in</span> <span class='ocrx_word' id='word_1_211' title='bbox 456 2139 582 2186; x_wconf 86' lang='lat' dir='ltr'>terris</span> <span class='ocrx_word' id='word_1_212' title='bbox 600 2140 851 2201; x_wconf 88' lang='lat' dir='ltr'>relinquens</span> <span class='ocrx_word' id='word_1_213' title='bbox 863 2173 875 2195; x_wconf 88' lang='lat'>‚</span> <span class='ocrx_word' id='word_1_214' title='bbox 894 2137 1030 2201; x_wconf 82' lang='lat' dir='ltr'>fugit,</span> <span class='ocrx_word' id='word_1_215' title='bbox 1048 2150 1091 2185; x_wconf 89' lang='lat' dir='ltr'>et</span> <span class='ocrx_word' id='word_1_216' title='bbox 1108 2151 1226 2186; x_wconf 84' lang='lat' dir='ltr'>totus</span> <span class='ocrx_word' id='word_1_217' title='bbox 1243 2139 1445 2187; x_wconf 85' lang='lat' dir='ltr'>exceffit:</span> <span class='ocrx_word' id='word_1_218' title='bbox 1469 2157 1570 2203; x_wconf 87' lang='lat' dir='ltr'>pau·</span> 
     </span>
     <span class='ocr_line' id='line_1_28' title="bbox 284 2207 1572 2276; baseline 0.002 -18"><span class='ocrx_word' id='word_1_219' title='bbox 284 2213 464 2276; x_wconf 84' lang='lat' dir='ltr'>lumque</span> <span class='ocrx_word' id='word_1_220' title='bbox 489 2212 617 2274; x_wconf 82' lang='lat' dir='ltr'>supra</span> <span class='ocrx_word' id='word_1_221' title='bbox 637 2228 718 2258; x_wconf 89' lang='lat' dir='ltr'>nos</span> <span class='ocrx_word' id='word_1_222' title='bbox 736 2227 1040 2258; x_wconf 81' lang='lat' dir='ltr'>commoratus</span> <span class='ocrx_word' id='word_1_223' title='bbox 1056 2247 1071 2269; x_wconf 89' lang='lat'><em>,</em></span> <span class='ocrx_word' id='word_1_224' title='bbox 1089 2212 1193 2258; x_wconf 87' lang='lat' dir='ltr'>dum</span> <span class='ocrx_word' id='word_1_225' title='bbox 1213 2207 1513 2276; x_wconf 36' lang='lat' dir='ltr'>expurgaturg</span> <span class='ocrx_word' id='word_1_226' title='bbox 1528 2227 1572 2261; x_wconf 88' lang='lat' dir='ltr'>et</span> 
     </span>
     <span class='ocr_line' id='line_1_29' title="bbox 286 2284 1570 2348; baseline 0.002 -16"><span class='ocrx_word' id='word_1_227' title='bbox 286 2287 554 2334; x_wconf 84' lang='lat' dir='ltr'>inhaerentia</span> <span class='ocrx_word' id='word_1_228' title='bbox 572 2287 684 2334; x_wconf 87' lang='lat' dir='ltr'>vitia</span> <span class='ocrx_word' id='word_1_229' title='bbox 702 2284 917 2348; x_wconf 77' lang='lat' dir='ltr'>situmque</span> <span class='ocrx_word' id='word_1_230' title='bbox 937 2286 1083 2332; x_wconf 85' lang='lat' dir='ltr'>omnis</span> <span class='ocrx_word' id='word_1_231' title='bbox 1102 2286 1298 2333; x_wconf 85' lang='lat' dir='ltr'>mortalis</span> <span class='ocrx_word' id='word_1_232' title='bbox 1317 2286 1416 2334; x_wconf 88' lang='lat' dir='ltr'>aevi</span> <span class='ocrx_word' id='word_1_233' title='bbox 1436 2303 1570 2334; x_wconf 85' lang='lat' dir='ltr'>excu-</span> 
     </span>
     <span class='ocr_line' id='line_1_30' title="bbox 285 2359 1569 2418; baseline 0.003 -13"><span class='ocrx_word' id='word_1_234' title='bbox 285 2361 338 2405; x_wconf 76' lang='lat' dir='ltr'>tit</span> <span class='ocrx_word' id='word_1_235' title='bbox 356 2396 370 2418; x_wconf 91' lang='lat'><strong>‚</strong></span> <span class='ocrx_word' id='word_1_236' title='bbox 393 2360 553 2407; x_wconf 85' lang='lat' dir='ltr'>deinde</span> <span class='ocrx_word' id='word_1_237' title='bbox 584 2362 639 2407; x_wconf 88' lang='lat' dir='ltr'>ad</span> <span class='ocrx_word' id='word_1_238' title='bbox 671 2360 840 2406; x_wconf 79' lang='lat' dir='ltr'>excelsa</span> <span class='ocrx_word' id='word_1_239' title='bbox 867 2360 1084 2418; x_wconf 86' lang='lat' dir='ltr'>sublatus,</span> <span class='ocrx_word' id='word_1_240' title='bbox 1115 2361 1228 2407; x_wconf 89' lang='lat' dir='ltr'>inter</span> <span class='ocrx_word' id='word_1_241' title='bbox 1256 2359 1404 2409; x_wconf 85' lang='lat' dir='ltr'>felices</span> <span class='ocrx_word' id='word_1_242' title='bbox 1433 2362 1569 2409; x_wconf 88' lang='lat' dir='ltr'>currit</span> 
     </span>
     <span class='ocr_line' id='line_1_31' title="bbox 288 2431 1567 2496; baseline 0.004 -20"><span class='ocrx_word' id='word_1_243' title='bbox 288 2433 480 2490; x_wconf 86' lang='lat' dir='ltr'>animas,</span> <span class='ocrx_word' id='word_1_244' title='bbox 513 2431 766 2496; x_wconf 82' lang='lat' dir='ltr'>excipitque</span> <span class='ocrx_word' id='word_1_245' title='bbox 794 2431 915 2478; x_wconf 85' lang='lat' dir='ltr'>illum</span> <span class='ocrx_word' id='word_1_246' title='bbox 948 2444 1100 2480; x_wconf 88' lang='lat' dir='ltr'>coetus</span> <span class='ocrx_word' id='word_1_247' title='bbox 1134 2432 1276 2490; x_wconf 85' lang='lat' dir='ltr'>sacer,</span> <span class='ocrx_word' id='word_1_248' title='bbox 1308 2432 1567 2496; x_wconf 85' lang='lat' dir='ltr'>Scipiones,</span> 
     </span>
     <span class='ocr_line' id='line_1_32' title="bbox 284 2505 1567 2569; baseline 0.001 -17"><span class='ocrx_word' id='word_1_249' title='bbox 284 2505 568 2568; x_wconf 83' lang='lat' dir='ltr'>Catonesque</span> <span class='ocrx_word' id='word_1_250' title='bbox 586 2540 600 2566; x_wconf 87' lang='lat'>‚</span> <span class='ocrx_word' id='word_1_251' title='bbox 633 2506 800 2569; x_wconf 51' lang='lat' dir='ltr'>utique¹</span> <span class='ocrx_word' id='word_1_252' title='bbox 821 2517 1120 2555; x_wconf 84' lang='lat' dir='ltr'>contemtores</span> <span class='ocrx_word' id='word_1_253' title='bbox 1150 2506 1301 2565; x_wconf 82' lang='lat' dir='ltr'>vitae,</span> <span class='ocrx_word' id='word_1_254' title='bbox 1341 2518 1385 2555; x_wconf 89' lang='lat' dir='ltr'>et</span> <span class='ocrx_word' id='word_1_255' title='bbox 1411 2507 1567 2554; x_wconf 85' lang='lat' dir='ltr'>mortis</span> 
     </span>
    </p>
   </div>
  </div>
 </body>
</html>
