1741 2919
297 164 390 213 ¹54
530 150 579 201 L.
623 122 935 195 ANNAE1
999 150 1369 201 SENECAE

274 255 418 318 'poss'e
445 253 639 301 subduci.
673 256 879 317 Magnam
911 253 990 301 tibi
1021 267 1192 317 partem
1219 255 1454 304 hominum
1482 274 1590 306 con-

293 327 441 378 sensus
463 325 675 390 imposuit
694 345 704 372 :
727 327 835 375 haec
856 327 937 374 tibi
967 329 1131 375 tuenda
1158 327 1232 376 est.
1262 328 1526 378 Circumstat
1545 343 1588 377 te

294 401 440 447 omnis
470 400 545 446 ista
579 399 899 447 consolantium
932 401 1209 466 frequentia,
1235 416 1279 448 et
1313 402 1361 449 in
1396 402 1589 451 animum

293 483 416 518 tuum
441 472 650 535 inquirit,
677 489 727 519 ac
748 472 952 536 perspicit
969 486 1183 537 quantum
1208 475 1387 522 roboris
1418 475 1487 522 ille
1517 476 1592 522 ad-

295 544 447 592 versus
466 545 671 592 dolorem
692 545 845 592 habeat
860 583 874 603 ‚
901 559 944 594 et
969 560 1172 594 utrumne
1200 564 1247 595 tu
1267 560 1434 595 tantum
1457 550 1587 596 rebus

296 617 497 665 secundis
523 619 700 666 dextere
720 619 784 666 uti
804 620 908 667 scias
924 654 939 678 ,
968 638 1023 668 an
1041 637 1085 669 et
1103 622 1302 669 adversas
1329 621 1461 685 poffis
1481 623 1590 671 viri-

296 694 396 741 liter
429 693 559 742 ferre.
591 694 881 742 observantur
912 697 1035 744 oculi
1064 697 1141 744 tui.
1176 697 1405 745 Liberiora
1440 698 1593 746 omnia

297 766 394 813 sunt
421 767 473 815 iis
491 804 503 825 ‚
532 785 725 829 quorum
760 768 937 817 affeEius
964 770 1055 833 tegi
1085 770 1261 832 pofl‘unt
1287 789 1298 818 :
1327 770 1406 817 tibi
1427 771 1592 819 nullum

302 839 516 886 secretum
539 842 722 888 liberum
745 841 827 898 est,
853 842 896 890 in
917 843 1049 890 multa
1064 843 1161 890 luce
1181 843 1357 890 fortuna
1377 857 1420 891 te
1437 844 1596 907 posuit.

302 928 459 960 omnes
490 914 647 968 scient,
682 916 919 976 quomodo
939 930 981 963 te
1012 916 1056 962 in
1087 915 1169 962 isto
1196 929 1275 964 tuo
1295 917 1468 981 gesseris
1495 917 1597 965 vul-

300 1000 432 1030 nere:
452 997 658 1030 utrumne
690 983 829 1030 statim
853 986 1077 1049 percussus
1104 1003 1222 1033 arma
1246 988 1515 1047 submiseris,
1543 1005 1596 1035 an

300 1056 346 1101 in
362 1057 497 1118 gradu
516 1056 692 1104 steteris.
708 1057 831 1104 Olim
847 1070 890 1105 te
908 1059 952 1105 in
971 1060 1174 1107 altiorem
1193 1062 1395 1108 ordinem
1411 1076 1454 1109 et
1471 1078 1597 1109 amor

304 1127 499 1175 Caesaris
531 1129 718 1190 extulit,
748 1143 793 1178 et
817 1144 887 1177 tua
919 1131 1057 1179 studia
1085 1133 1392 1181 deduxerunt:
1415 1134 1521 1180 nihil
1554 1146 1596 1182 te

303 1201 524 1264 plebeium
553 1205 708 1262 decet,
737 1204 845 1250 nihil
869 1205 1048 1252 humile.
1077 1205 1201 1266 Quid
1221 1218 1366 1252 autem
1400 1222 1488 1252 tam
1511 1206 1596 1252 hu-

306 1276 407 1322 mile
434 1294 484 1324 ac
513 1278 724 1325 muliebre
743 1277 830 1336 est,
856 1295 989 1342 quam
1011 1279 1360 1326 consumendum
1382 1280 1423 1327 se
1450 1280 1597 1328 dolori

307 1351 622 1399 committere?
648 1353 754 1399 Non
784 1351 901 1401 idem
926 1352 1005 1399 tibi
1029 1353 1073 1399 in
1093 1353 1210 1400 luCiu
1229 1354 1349 1414 pari,
1368 1355 1494 1418 quod
1513 1354 1597 1400 tuis

306 1422 512 1471 fratribus
550 1424 663 1472 licet.
696 1424 831 1471 multa
866 1425 945 1471 tibi
980 1442 1070 1473 non
1101 1426 1319 1489 permittit
1347 1426 1506 1489 opinio
1543 1428 1596 1473 de

308 1496 456 1545 studiis
476 1516 526 1546 ac
545 1498 743 1549 moribus
762 1499 847 1546 tuis
863 1515 1063 1562 recepta:
1083 1500 1269 1546 multum
1289 1518 1313 1547 a
1332 1513 1375 1547 te
1394 1501 1597 1548 homines

307 1573 513 1638 exigunt,
534 1573 720 1621 multum
751 1573 1018 1636 exspestant.
1048 1573 1091 1620 Si
1124 1574 1306 1621 volebas
1334 1574 1414 1621 tibi
1448 1575 1598 1622 omnia

309 1647 441 1695 licere
456 1666 468 1704 ;
486 1664 539 1694 ne
559 1647 845 1695 convertiffes
863 1647 907 1693 in
924 1660 968 1695 te
987 1664 1066 1695 ora
1083 1647 1302 1694 omnium.
1319 1665 1437 1695 nunc
1453 1660 1596 1694 autem

311 1723 391 1770 tibi
410 1722 714 1786 praestandum
729 1722 791 1769 est
804 1759 819 1779 ‚
834 1734 1047 1787 quantum
1068 1722 1300 1786 promisisti
1319 1722 1527 1787 omnibus
1544 1724 1597 1769 il-

310 1798 389 1854 lis,
422 1796 498 1859 qui
527 1812 663 1859 opera
695 1794 858 1859 ingenii
889 1795 953 1842 tui
986 1795 1188 1852 laudant,
1219 1794 1294 1859 qui
1323 1793 1596 1841 describunt:

311 1870 470 1935 quibus
486 1905 498 1927 ‚
519 1886 620 1917 cum
640 1867 818 1916 fortuna
838 1881 912 1916 tua
935 1885 1049 1932 opus
1067 1885 1159 1915 non
1183 1867 1232 1915 sit
1245 1904 1259 1925 ‚
1288 1868 1470 1931 ingenio
1489 1884 1600 1930 opus

314 1941 391 1990 est.
407 1941 625 1988 Custodes
643 1941 779 1987 animi
797 1942 861 1988 tui
882 1940 990 1988 sunt.
1011 1941 1120 1988 nihil
1137 1958 1329 2005 unquam
1350 1941 1497 2004 itaque
1514 1957 1598 2004 po-

314 2026 378 2062 tes
403 2014 633 2079 indignum
659 2014 806 2063 facere
838 2015 1019 2079 perfeffi
1048 2028 1092 2063 et
1121 2015 1283 2063 eruditi
1315 2014 1399 2063 viri
1428 2014 1599 2077 profes-

314 2087 435 2135 sione
449 2125 463 2146 ‚
485 2100 535 2135 ut
552 2105 646 2136 non
667 2088 830 2135 multos
852 2089 1154 2138 admirationis
1174 2089 1228 2136 de
1257 2100 1301 2136 te
1328 2088 1426 2135 suae
1444 2087 1601 2150 poeni-

314 2174 416 2210 teat.
438 2163 545 2209 Non
562 2161 667 2209 licet
684 2162 765 2209 tibi
783 2161 888 2209 flere
910 2163 1151 2215 immodice
1171 2180 1182 2208 :
1202 2178 1283 2210 nec
1303 2162 1389 2208 hoc
1406 2172 1599 2207 tantum-

315 2236 457 2282 modo
484 2253 575 2282 non
602 2235 731 2294 licet,
758 2253 841 2283 nec
860 2235 1065 2283 somnum
1086 2236 1264 2300 quidem
1294 2234 1527 2282 extendere
1554 2233 1601 2281 in

315 2320 482 2371 putem
502 2308 588 2355 diei
608 2309 734 2369 licet,
755 2319 828 2355 aut
845 2325 870 2354 a
888 2309 1078 2355 tumultu
1103 2324 1247 2355 rerum
1265 2307 1310 2354 in
1328 2307 1472 2353 otium
1490 2305 1603 2353 ruris

317 2381 454 2441 quieti
473 2380 739 2445 confugere,
764 2395 836 2428 aut
855 2380 1018 2427 affidua
1045 2380 1248 2427 laboriosi
1268 2379 1405 2428 officii
1421 2379 1604 2426 statione

317 2452 549 2516 fatigatum
569 2471 732 2518 corpus
750 2453 1000 2518 voluptaria
1017 2454 1368 2518 peregrihmione
1385 2470 1603 2511 recreare,
