1741 2919
339 110 427 156 238
595 112 639 154 L.
694 110 980 154 ANNAEi
1032 111 1395 157 SENECAE

335 233 540 279 aggerem
570 216 764 264 crescere
782 234 792 262 :
813 228 855 263 at
884 218 1000 262 nulla
1029 218 1381 265 machinamenta
1411 220 1621 282 pollere-

337 290 494 352 periri,
520 306 630 352 quae
657 289 769 336 bene
796 288 1023 336 fundatum
1050 289 1245 336 animum
1278 292 1457 354 agitent.
1490 295 1620 356 Erep-
1668 336 1670 338 ,

338 359 367 406 fi
391 361 530 407 modo
557 377 580 407 e
602 361 737 407 ruinis
764 360 948 416 dom-us,
972 376 1015 407 et
1035 359 1248 408 incendiis
1277 363 1475 427 undique
1503 366 1617 412 relu-

338 431 560 487 centibus,
588 431 786 478 flammas
815 448 893 495 per
918 432 1170 496 sanguinem
1200 432 1305 497 fugi.
1345 435 1470 482 Filias
1502 454 1619 484 meas

338 505 414 568 qui
439 504 557 552 casus
581 504 761 563 habeat,
790 522 843 551 an
874 505 1000 568 peior
1030 505 1239 567 publico,
1267 507 1428 556 nesci0.
1455 509 1584 556 Solus
1605 543 1618 564 ,

338 589 381 624 et
405 575 640 644 senior,let
660 577 831 624 hostilia
854 578 969 624 circa
997 595 1067 624 me
1094 580 1243 625 omnia
1267 580 1449 636 videns,
1475 593 1618 629 tamen

341 652 555 715 integrum
586 651 947 714 incolumemque
977 650 1064 697 effe
1094 651 1273 698 censum
1303 670 1448 700 meum
1477 654 1616 717 profi-

339 738 460 778 teor,
473 736 616 778 teneo,
637 722 782 769 habeo
797 722 1013 785 quidquid
1030 722 1118 769 mei
1137 722 1280 770 habui.
1300 726 1406 771 Non
1424 725 1485 772 est
1499 726 1621 789 quod

340 816 410 846 me
431 799 595 846 vietum
609 834 623 856 ,
650 798 957 860 viiloremque
982 811 1024 843 te
1044 797 1207 843 credas.
1233 797 1337 844 vicit
1354 796 1534 847 fortuna
1549 811 1621 846 tua

339 872 563 918 fortunam
581 887 737 934 meam.
759 871 939 917 Caduca
958 869 1026 915 illa
1042 905 1055 927 ,
1075 885 1118 916 et
1137 869 1367 917 dominum
1386 871 1590 918 mutantia
1608 908 1618 927 ,

341 945 415 992 ubi
443 943 522 990 fint
544 944 691 991 nescio
714 962 724 990 :
747 943 871 1006 quod
898 944 951 988 ad
969 961 1036 990 res
1058 960 1175 990 meas
1203 942 1416 1004 pertinet,
1442 961 1616 991 mecum

339 1016 461 1071 sunt,
490 1033 667 1063 mecum
701 1027 842 1062 erunt.
878 1016 1166 1062 Perdiderunt
1196 1015 1264 1061 isti
1297 1014 1455 1063 divites
1487 1017 1619 1079 patri-

339 1089 522 1145 monia;
558 1087 779 1135 libidinosi
814 1104 988 1135 amores
1017 1088 1116 1136 suos
1135 1122 1150 1144 ‚
1178 1099 1222 1134 et
1250 1104 1412 1152 magno
1441 1089 1619 1152 pudoris

339 1162 568 1228 impendio
587 1163 739 1211 dileeta
759 1161 924 1215 scorta,
947 1162 1165 1209 ambitiosi
1185 1161 1376 1221 curiam,
1395 1175 1439 1210 et
1455 1162 1621 1220 forum,

340 1251 384 1284 et
406 1239 503 1285 loca
539 1235 794 1284 exercendis
825 1237 872 1282 in
898 1236 1077 1299 publico
1107 1236 1230 1285 vitiis
1259 1237 1620 1295 destinatayfoe-

342 1325 564 1361 neratores
591 1310 877 1373 perdiderunt
909 1310 1084 1356 tabellas
1115 1311 1234 1369 suas,
1263 1310 1421 1375 quibus
1442 1306 1620 1359 avaritia

339 1385 448 1432 falso
473 1385 607 1442 laeta,
635 1384 810 1432 divitias
841 1383 1134 1447 imaginatur:
1161 1403 1246 1450 ego
1271 1386 1450 1448 quidem
1471 1385 1618 1432 omnia

342 1459 508 1521 integra
543 1456 797 1519 illibataque
830 1456 986 1502 habeo.
1032 1457 1222 1504 Proinde
1259 1457 1363 1504 istos
1396 1457 1617 1520 interroga

339 1532 417 1596 qui
435 1531 570 1587 flent,
596 1532 672 1595 qui
698 1531 1021 1587 lamentantur,
1050 1530 1200 1578 striffis
1225 1532 1376 1596 gladiis
1396 1532 1512 1578 nuda
1537 1549 1619 1593 pro

337 1604 524 1668 pecunia
553 1620 747 1667 corpora
774 1615 1032 1665 opponunt,
1062 1604 1139 1666 qui
1165 1604 1334 1650 hostem
1365 1616 1550 1651 onerato
1569 1604 1622 1649 si-

337 1696 396 1725 nu
418 1677 606 1740 fugiunt.
637 1679 754 1739 Ergo
783 1675 842 1722 ita
862 1677 995 1734 habe,
1018 1679 1202 1733 Serene,
1221 1674 1467 1740 perfeEtum
1493 1676 1616 1722 illurn

339 1752 510 1810 virum,
540 1751 742 1797 humanis
771 1749 1021 1814 divinis-que
1051 1750 1288 1798 virtutibus
1313 1752 1489 1816 plenum
1507 1786 1520 1807 ‚
1553 1749 1617 1796 ni-

338 1825 397 1871 hil
428 1825 625 1886 perdere.
667 1825 789 1870 Bona
823 1825 915 1869 eius
946 1823 1094 1869 solidis
1126 1837 1169 1870 et
1203 1817 1619 1886 inexsuperabilibus

337 1898 619 1946 munimentis
638 1898 884 1959 praecin&a
905 1896 1012 1943 sunt.
1032 1898 1139 1943 Non
1159 1897 1432 1960 Babylonios
1449 1896 1619 1946 illimu*

338 1988 411 2019 ros
437 1970 674 2019 contuleris
691 2002 705 2024 ‚
738 1985 852 2032 quos
870 1970 1111 2016 Alexander
1139 1969 1320 2018 intravit
1346 1986 1358 2015 :
1390 1985 1483 2015 non
1508 1969 1619 2014 Car-

336 2044 520 2108 tliaginis
547 2054 619 2090 aut
653 2042 917 2089 Numantiae
950 2042 1154 2099 moenia,
1188 2058 1273 2087 una
1305 2057 1436 2087 manu
1465 2056 1619 2103 capta:

340 2134 429 2164 non
462 2115 765 2180 Capitolium,
797 2130 1025 2170 arcemve3
1060 2114 1219 2159 habent
1254 2112 1330 2158 ista
1361 2111 1516 2158 hostile
1544 2129 1619 2160 ve-

337 2190 525 2252 stigium.
557 2190 632 2235 [lla
657 2205 766 2252 quae
788 2186 1020 2250 sapientem
1046 2197 1246 2242 tuentur,
1263 2202 1287 2230 a
1310 2183 1486 2230 flamma
1507 2195 1550 2231 et
1566 2182 1619 2230 ab

341 2262 516 2310 incursu
551 2274 642 2309 tuta
669 2263 793 2308 sunt:
820 2260 987 2306 nullum
1013 2255 1240 2304 introitum
1269 2257 1504 2321 praebent,
1537 2272 1616 2302 ex-

338 2334 472 2392 celsa,
504 2333 881 2397 inexpugnabilia,
913 2331 993 2378 diis
1013 2347 1162 2395 aequa.
1398 2339 1401 2341 ’

407 2410 502 2458 Vll.
534 2409 644 2456 Non
671 2408 731 2456 est
760 2407 884 2471 quod
914 2407 1055 2463 dieas,
1084 2407 1144 2454 ita
1175 2417 1222 2452 ut
1251 2404 1386 2463 soles,
1406 2404 1522 2454 hunc
1554 2403 1619 2451 sa-
