1741 2919
246 178 357 221 ⁴40
531 165 580 209 L.
634 163 932 210 ANNAEI
984 165 1338 229 SENECAE

287 286 421 332 quam
448 285 578 332 aeger
597 280 640 316 et
662 269 796 316 sanus.
818 271 924 316 Non
947 271 1090 332 potest
1105 305 1120 329 ,
1146 272 1310 336 inquit,
1342 273 1488 323 omnis
1515 293 1571 324 ex

289 343 438 388 animo
467 343 528 387 ira
548 342 670 388 tolli:
691 359 772 390 nec
794 343 882 390 hoc
907 345 1097 393 hominis
1119 359 1270 393 natura
1290 348 1466 409 patitur.
1493 352 1571 397 At-

280 417 373 477 ‘que
394 414 501 459 nihil
531 412 592 459 est
621 427 710 461 tam
738 415 914 463 difficile
934 430 976 464 et
990 419 1198 475 arduum,
1225 420 1348 481 quod
1376 436 1468 467 non
1484 421 1570 468 hu-

287 503 413 532 mana
434 504 557 533 mens
577 487 754 543 vincat,
775 501 818 534 et
836 488 879 534 in
901 489 1235 538 familiaritatem
1252 493 1461 555 perducat
1477 493 1570 540 affi-

287 558 369 604 (lua
400 558 628 606 meditatio
651 577 661 605 :
695 561 890 623 nullique
910 562 1007 609 sunt
1027 576 1113 610 tam
1138 564 1219 611 feri
1238 577 1281 612 et
1304 565 1364 611 sui
1382 565 1488 612 iuris
1505 564 1571 611 af-

286 630 446 684 sefihzs,
471 646 520 678 ut
540 648 631 678 non
652 631 875 695 disciplina
902 636 1232 697 perdomentur.
1253 638 1568 702 Quodcunque

283 703 370 749 sibi*
383 704 617 767 imperavit
636 706 804 753 animus
821 743 832 765 ,
852 708 1054 755 obtinuit,
1078 709 1275 768 Quidam
1295 728 1349 755 ne
1373 727 1569 772 unquam

283 776 504 835 riderent,
526 778 746 825 consecuti
765 779 861 826 sunt
881 796 891 825 :
912 779 1021 826 vino
1041 780 1217 843 quidam
1235 818 1246 839 ,
1273 781 1342 827 alii
1367 785 1567 839 Venere,

285 849 464 909 quidam
486 851 610 895 omni
639 850 823 899 humore
845 853 1110 898 interdixere
1140 854 1417 915 corporibus.
1447 853 1567 899 Alius

282 934 515 968 contentus
533 922 658 968 brevi
678 922 862 981 somno,
884 913 1081 987 vigiliam
1100 924 1468 989 indefatigabilem
1489 942 1581 975 εκ».

281 994 446 1040 tendit:
465 996 714 1042 didicerunt
735 996 987 1043 tenuissimis
1000 1009 1040 1042 et
1059 998 1250 1045 advertis
1270 999 1566 1059 funibus-cur-

281 1083 378 1113 rere
395 1103 406 1125 ‚
429 1083 472 1113 et
489 1067 681 1131 ingentia
697 1104 710 1126 ,
735 1069 899 1131 vixque
923 1068 1121 1115 humanis
1148 1070 1372 1115 toleranda
1398 1070 1567 1118 viribus

280 1157 416 1187 onera
438 1156 615 1205 portare
630 1178 643 1199 ,
670 1154 714 1189 et
736 1143 781 1188 in
805 1142 1060 1190 immensam
1092 1142 1364 1190 altitudinem
1393 1144 1564 1209 mergi,

279 1230 329 1260 ac
350 1213 436 1261 sine
456 1215 540 1260 ulla
560 1213 800 1278 respirandi
828 1213 926 1262 vice
954 1213 1127 1276 perpeti
1145 1213 1292 1261 maria.

348 1288 469 1333 th.
484 1287 607 1333 Mille
630 1287 725 1333 sunt
743 1286 824 1332 alia
840 1323 852 1344 ‚
873 1287 917 1332 in
938 1285 1099 1349 quibus
1119 1286 1359 1348 pertinacia
1379 1286 1564 1349 impedi-

278 1373 478 1408 mentum
511 1379 647 1409 omne
681 1360 947 1408 transcendit
970 1395 984 1418 ,
1021 1358 1300 1423 ostenditque
1337 1361 1448 1407 nibil
1477 1361 1561 1408 effe

277 1437 454 1484 difficile
469 1436 633 1494 ,cuius
661 1436 739 1484 fibi
774 1437 862 1499 ipsa
898 1451 1020 1482 mens
1053 1434 1302 1497 patientiam
1334 1434 1560 1482 indiceret.

274 1510 389 1567 Istis,
414 1527 526 1574 quos
545 1511 675 1573 paulo
696 1525 794 1557 ante
812 1510 967 1563 retuli,
990 1523 1065 1555 aut
1083 1508 1199 1554 nulla
1217 1520 1305 1555 tam
1329 1508 1560 1571 pertinacis

275 1584 402 1630 studii
419 1620 431 1641 ‚
450 1595 522 1630 aut
543 1601 634 1630 non
657 1585 785 1649 digna
809 1601 983 1645 merces*
1002 1583 1094 1629 fuit.
1114 1582 1237 1642 Quid
1254 1582 1558 1646 enimmagni—

276 1655 408 1705 ficum
431 1657 711 1720 consequitur
727 1658 796 1703 ille
817 1690 830 1712 ‚
853 1658 928 1721 qui
946 1656 1176 1702 meditatus
1195 1654 1256 1701 est
1275 1671 1350 1717 per
1371 1654 1559 1701 intensos

275 1730 402 1777 funes
420 1730 511 1778 ire?
546 1733 622 1794 qui
644 1731 834 1778 sarcinae
853 1730 1017 1794 ingenti
1046 1728 1243 1776 cervices
1273 1728 1557 1790 supponere?

273 1805 352 1868 qui
379 1804 537 1852 somno
562 1821 652 1851 non
685 1803 936 1851 submittere
957 1801 1145 1850 oculos?
1165 1800 1240 1863 qui
1261 1812 1485 1862 penetrare
1511 1801 1558 1846 in

271 1878 411 1924 imum
442 1877 594 1924 mare?
625 1890 668 1925 et
693 1890 840 1924 tamen
862 1877 915 1923 ad
945 1875 1079 1921 finem
1111 1874 1258 1937 operis
1275 1905 1289 1928 ‚
1315 1891 1405 1920 non
1432 1890 1555 1936 mag-

269 1969 332 1999 no
351 1953 684 1998 auctoramento
700 1987 713 2010 ,
732 1952 857 1999 labor
877 1948 1102 2014 pervenit:
1129 1949 1225 1994 Nos
1242 1963 1331 1993 non
1354 1948 1555 1994 advoca-

268 2025 412 2073 bimus
433 2025 686 2089 patientiam
703 2060 717 2082 ,
735 2041 848 2088 quos
865 2035 1029 2070 tantum
1051 2020 1295 2091 praemium
1315 2020 1554 2083 exspectat,

269 2099 408 2146 felicis
429 2098 562 2144 animi
583 2098 768 2144 immota
788 2095 1106 2160 tranquillitas?
1136 2095 1366 2154 Quantum
1396 2092 1456 2139 est
1481 2093 1552 2140 ef-

260 2171 412 2234 fugere
460 2171 698 2217 maxitnum
726 2169 887 2215 malum
912 2168 1047 2222 iram,
1077 2177 1236 2212 etcum
1258 2164 1330 2212 illa
1360 2163 1523 2210 rabiem
1539 2198 1555 2222 ‚

267 2245 488 2292 saevitiam
513 2280 526 2301 ,
555 2242 883 2299 crudelitatem,
913 2240 1107 2287 furorem
1124 2269 1138 2294 ‚
1164 2249 1207 2285 et
1228 2236 1336 2283 alios
1367 2235 1553 2283 comites

268 2321 360 2367 eiu's
386 2321 595 2368 affeetus?
621 2319 726 2366 Non
745 2317 805 2364 est
823 2317 945 2380 quod
965 2314 1256 2379 patrocinium
1278 2312 1406 2359 nobis
1421 2328 1554 2376 quae-

262 2409 428 2451 ramus,
451 2406 492 2440 et
509 2393 751 2440 excusatam
790 2390 1007 2438 licentiam
1030 2424 1044 2448 ,
1063 2389 1279 2444 dicentes,
1297 2401 1371 2433 aut
1389 2385 1491 2432 utile
1506 2384 1554 2432 id

266 2464 378 2525 effe,
400 2476 472 2513 aut
493 2463 757 2513 inevitabile.
788 2461 858 2510 cui
876 2460 991 2509 enim
1011 2459 1187 2507 tandem
1210 2458 1324 2506 vitio
1353 2457 1547 2507 advoca-
