1741 2919
298 161 388 215 ¹04
554 156 603 207 L.
646 157 950 209 ANNAEI
1000 161 1354 213 SENECAE

290 262 406 327 fugit
422 264 475 312 ad
492 265 687 316 Caesaris
705 270 864 333 pedes:
883 270 990 319 nihil
1009 272 1120 320 aliud
1137 274 1369 337 petiturus²,³
1414 267 1513 322 uam
1533 285 1588 327 ut

292 339 414 385 aliter
433 341 617 403 periret,
637 361 719 393 nec
737 345 832 393 esca
849 345 984 394 fieret.
1002 350 1157 396 Motus
1177 349 1239 397 est
1248 291 1467 406 ‘hfibvigte’
1479 365 1580 396 cru-

291 412 479 460 delitatis
499 416 689 475 Caesar,
721 434 765 465 et
793 419 915 467 illum
948 423 1127 485 quidem
1160 423 1304 482 mitti,
1333 418 1584 488 crystallina

290 501 435 534 autem
470 492 622 538 omnia
656 509 809 540 coram
843 495 885 542 se
917 495 1057 561 frangi
1088 497 1202 545 iuffit
1229 533 1243 556 ‚
1276 496 1585 560 complerique

289 561 515 624 piscinam.
539 565 634 613 Fuit
666 568 839 616 Caesari
868 571 925 618 fic
957 572 1226 636 castigandus
1253 571 1420 618 amicus
1441 589 1452 617 ε
1472 570 1585 618 bene

289 636 390 682 usus
412 637 472 683 est
492 639 660 688 viribus
679 641 777 692 suis.
807 645 842 688 E
863 645 1080 693 convivio
1104 647 1197 709 rapi
1218 645 1422 692 homines
1441 642 1584 706 impe-

288 725 383 767 ras,
405 725 450 757 et
481 713 591 761 novi
623 716 793 778 generis
824 718 981 781 poenis
1006 719 1245 767 lancinari?
1277 719 1308 765 fi
1341 717 1455 765 calix
1484 729 1585 763 tuus

286 779 448 829 stacius
465 783 528 830 est
536 820 549 843 ‚
570 787 736 835 viscera
760 790 954 839 hominis
974 792 1296 840 distrahentur?
1315 804 1483 838 tantum
1503 788 1586 837 tibi

287 854 481 919 placebis
498 894 510 915 ‚
532 871 578 905 ut
598 860 658 907 ibi
676 862 866 928 aliquem
889 865 992 913 duci
1012 865 1159 913 iubeas
1173 902 1186 922 ‚
1213 865 1288 912 ubi
1307 863 1464 911 Caesar
1484 861 1546 910 est
1563 861 1584 907 ἓ

354 929 469 976 XLI.
499 932 542 978 Si
573 937 644 980 cui
668 949 839 982 tantum
871 937 1097 999 potentiae
1123 937 1185 985 est
1201 973 1215 995 ‚
1238 949 1287 984 ut
1310 936 1419 983 iram
1439 951 1493 981 ex
1514 933 1583 980 su-

289 1001 459 1065 periori
480 1003 585 1051 loco
606 1007 783 1070 aggredi
810 1007 942 1070 possit
956 1044 969 1066 ‚
992 1009 1104 1054 male
1121 1009 1287 1056 traciet.
1304 1007 1436 1055 talem
1454 1005 1586 1052 dum-

288 1089 406 1122 taxat
426 1113 439 1134 ,
463 1079 637 1141 qualem
663 1082 804 1127 modo
836 1082 994 1139 retuli,
1017 1081 1180 1137 feram,
1200 1082 1463 1137 immanem,
1491 1077 1586 1124 san-

288 1150 531 1212 guinariam
549 1189 562 1210 ,
583 1170 698 1217 quae
729 1154 816 1200 iam
847 1155 1092 1202 insanabilis
1123 1154 1183 1202 est
1200 1191 1211 1211 ,
1239 1155 1316 1201 nifi
1348 1152 1486 1199 maius
1507 1152 1588 1198 ali·—

288 1224 397 1288 quid
432 1227 651 1273 extimuit.
689 1228 845 1274 Pacem
886 1229 1042 1275 demus
1076 1229 1226 1274 animo
1248 1264 1260 1281 ,
1298 1244 1431 1291 quam
1466 1224 1587 1272 dabit

287 1314 629 1365 praeceptorum
649 1301 895 1347 salutarium
918 1302 1078 1348 assidua
1100 1301 1328 1348 meditatio
1343 1336 1356 1358 ‚
1376 1299 1589 1362 actusque

289 1387 437 1417 rei-um
465 1372 597 1428 boni,
629 1385 672 1420 et
694 1374 861 1419 intenta
882 1391 1004 1420 mens
1028 1375 1082 1419 ad
1109 1375 1238 1420 unius
1266 1371 1435 1419 honesti
1460 1371 1588 1434 cupi-

288 1443 486 1490 ditatem.
508 1443 817 1490 Conscientiae
848 1444 944 1491 satis
969 1444 1057 1491 fiat.
1081 1445 1141 1490 nil
1160 1445 1205 1491 in
1229 1444 1388 1491 famam
1411 1442 1588 1488 labore-

290 1533 387 1563 mus
415 1535 425 1563 ε
458 1516 665 1579 sequatur
694 1518 767 1564 vel
806 1520 943 1576 mala,
978 1520 1083 1565 dum
1106 1519 1231 1565 bene
1263 1530 1495 1563 merentes.
1533 1519 1588 1561 At

290 1590 449 1653 vulgus
476 1589 671 1636 animosa
693 1592 875 1638 miratur
890 1627 903 1649 ‚
926 1606 970 1638 et
992 1591 1177 1637 audaces
1196 1590 1243 1636 in
1266 1590 1441 1636 honore
1460 1589 1555 1635 sunt
1575 1606 1586 1634 ε

289 1663 451 1726 placidi
471 1679 556 1723 pro
573 1664 789 1711 inertibus
809 1665 1037 1711 habentur.
1057 1663 1208 1708 Primo
1231 1660 1412 1707 forsitan
1433 1661 1585 1724 aspec-

291 1750 341 1784 tu
367 1756 378 1783 :
407 1738 477 1784 sed
505 1737 631 1784 simul
659 1755 710 1787 ac
744 1739 980 1802 aequalitas
1012 1738 1130 1785 vitae
1162 1736 1297 1783 fidem
1327 1735 1459 1793 facit,
1494 1752 1587 1782 non

290 1810 519 1874 segnitiem
555 1810 673 1858 illam
707 1811 841 1858 animi
877 1810 997 1866 effe,
1030 1811 1101 1857 sed
1132 1826 1315 1872 pacem,
1351 1823 1587 1855 veneratur

290 1884 411 1932 idem
435 1884 536 1932 illos
564 1886 755 1948 populus
785 1886 996 1950 colitque.
1025 1885 1145 1932 Nihil
1177 1901 1284 1948 ergo
1310 1883 1442 1930 habet
1466 1885 1512 1930 in
1542 1883 1585 1930 se

291 1959 397 2007 utile
414 1972 550 2008 taeter
569 1961 641 2007 ille
661 1972 705 2007 et
728 1959 895 2007 hostilis
915 1959 1091 2007 affectus
1109 1976 1122 2016 3
1142 1972 1184 2006 at
1199 1958 1350 2006 omnia
1368 1974 1390 2005 e
1407 1972 1585 2006 contra-

290 2031 364 2077 rio
384 2032 524 2089 mala,
546 2031 712 2079 ferrum
729 2066 742 2090 ‚
762 2032 885 2095 ignes
909 2050 921 2079 t
946 2033 1121 2095 pudore
1146 2031 1342 2087 calcato,
1378 2031 1585 2078 caedibus

290 2102 544 2167 inquinavit
561 2121 715 2151 manus
731 2141 743 2162 ‚
761 2105 962 2152 membra
975 2105 1216 2153 liberorum
1237 2101 1445 2166 disperiit.
1462 2101 1587 2149 Nihil

291 2193 486 2224 vacuum
512 2177 689 2241 reliquit
717 2194 741 2223 a
768 2177 927 2225 scelere
943 2209 956 2232 ‚
978 2194 1069 2224 non
1091 2176 1254 2239 gloriae
1273 2191 1446 2222 memor
1460 2210 1472 2231 ,
1494 2192 1587 2222 non

291 2249 501 2297 infamiae
521 2264 740 2309 metuens,
755 2248 1086 2299 inemendabilis
1099 2267 1199 2299 curn
1217 2266 1273 2296 ex
1290 2249 1353 2295 ira
1371 2247 1417 2295 in
1431 2248 1588 2296 odium

295 2324 518 2371 occalluit.

358 2397 495 2443 XLll.
525 2399 767 2446 Careamus
801 2398 890 2446 hoc
923 2397 1070 2456 malo,
1099 2412 1426 2461 purgemusque
1458 2410 1588 2442 men-

293 2482 382 2523 tem
394 2506 411 2532 ,
441 2482 488 2521 et
511 2471 802 2543 exstirpemus
826 2471 1032 2522 radicitus
1055 2488 1107 2520 ea
1133 2469 1242 2521 vitia
1251 2505 1267 2532 2
1292 2486 1406 2538 quae
1433 2484 1591 2537 quam—2
