1741 2919
352 145 438 195 DE
479 141 1025 204 TRANQUILLITATE
1063 142 1250 189 ANIMI.
1352 156 1441 205 253

161 252 280 319 quafi
309 253 418 300 ullus
435 253 559 301 locus
579 251 629 298 fit
643 287 657 309 ‚
675 251 731 303 jn‘
747 267 838 313 quo
859 267 950 296 non
980 249 1111 313 poffit
1135 249 1315 296 fortuna
1346 266 1449 311 per-

160 326 312 391 sequi:
334 325 407 372 sed
436 325 604 388 parcius
632 326 674 371 se
703 322 860 370 inferat
889 323 1070 379 officiis,
1093 336 1135 369 et
1163 340 1260 370 cum
1288 322 1476 368 dilectu.

160 399 357 446 inveniat
388 399 576 461 aliquid,
609 398 653 443 in
684 413 776 460 quo
811 397 925 443 utilis
961 397 1128 443 civitati
1159 396 1220 442 fit.
1257 396 1453 458 Militare

162 490 256 520 non
277 468 416 520 licet?
448 474 641 520 honores
668 472 844 535 fp‘efiet.
873 472 1052 535 privato
1080 471 1325 518 vivendum
1356 469 1473 516 esp?>

160 545 212 593 fit
249 557 415 593 orator.
457 546 673 592 silentium
710 543 921 591 indietum
959 543 1056 590 est‘?
1093 543 1222 590 tacita
1252 544 1451 589 advoca-

158 621 282 667 tione
312 620 430 667 cives
463 619 596 666 iuvet.
628 618 922 680 periculosum
941 617 1070 663 etiam
1091 615 1284 679 ingressu
1303 615 1453 664 forum

161 681 332 741 estffin
361 691 596 745 domibus,
623 690 667 735 in
699 689 975 752 specstaculis,
1005 689 1051 735 in
1083 688 1338 746 conviviis,
1369 689 1454 735 bo-

160 781 266 811 num
298 764 656 810 contubernalem
677 798 690 820 ‚
726 763 914 825 amicum
949 762 1124 808 fidelem
1146 797 1158 818 ‚
1194 773 1452 823 temperan-

160 847 250 883 tem
270 837 511 884 convivam
531 848 639 901 agat.
663 837 823 883 Officia
840 831 1004 890 sicivis
1024 834 1452 894 amiseritfhominis

160 923 376 956 exerceat.
389 911 493 955 Ideo
507 926 668 973 magno
685 910 834 955 animo
850 924 932 954 nos
948 925 1038 954 non
1053 908 1182 954 unius
1200 908 1318 954 urbis
1335 924 1454 954 moe-

162 982 290 1029 nibus
305 982 529 1028 claufimus
542 1017 554 1039 ,
570 981 700 1028 sedin
714 981 849 1027 totius
869 981 990 1027 orbis
1004 982 1322 1029 commercium
1341 981 1455 1028 emi-

163 1054 292 1101 fimus
310 1090 324 1113 ‚
358 1056 635 1118 patriamque
664 1054 792 1101 nobis
820 1055 1032 1100 mundum
1064 1054 1244 1117 profeffi
1265 1054 1410 1101 sumus
1440 1073 1452 1102 :

164 1140 214 1173 ut
231 1127 382 1174 liceret
402 1128 602 1174 latiorem
625 1128 780 1174 virtuti
804 1145 1008 1189 campum
1036 1128 1154 1174 dare.
1179 1127 1455 1175 Praeclusum

163 1201 245 1249 tibi
269 1202 457 1248 tribunal
482 1201 543 1248 est
561 1234 576 1257 ‚
599 1213 643 1248 et
662 1202 809 1248 rostris
829 1202 1104 1264 prohiberis,
1131 1214 1202 1248 aut
1225 1196 1477 1250 comitiissf'

166 1275 333 1338 respice
354 1275 452 1339 post
472 1290 514 1323 te
532 1313 546 1335 ,
568 1292 777 1340 quantum
801 1275 1098 1323 latissimarum
1125 1277 1356 1340 regionum
1379 1295 1458 1340 pa-

163 1358 276 1402 teat,
301 1361 515 1410 quantum
546 1348 831 1410 populorum.
862 1350 1083 1410 nunquam
1111 1348 1190 1394 tibi
1215 1348 1270 1394 ita
1298 1366 1457 1414 magna

164 1435 264 1482 pars
284 1418 555 1478 obstruetur,
577 1434 624 1466 ut
643 1435 736 1465 non
755 1419 898 1465 maior
918 1421 1202 1482 relinquatur..
1222 1423 1305 1468 Sed
1324 1423 1426 1469 vide
1441 1458 1456 1482 ,
1499 1469 1509 1477 Δ

165 1507 221 1538 ne
240 1502 381 1538 totum
399 1491 512 1538 istud
528 1492 684 1540 vitium
705 1506 828 1540 tuum
847 1492 906 1540 fit.
927 1511 1016 1540 non
1033 1495 1100 1541 vis
1117 1495 1232 1541 enim
1255 1496 1331 1541 nisi
1351 1513 1458 1543 con-

164 1565 260 1623 sul,
291 1582 365 1614 aut
394 1579 636 1630 prytanes‚
666 1582 739 1614 aut
758 1585 922 1632 ceryx,
953 1581 1026 1615 aut
1045 1568 1156 1616 sufes
1185 1570 1457 1617 administra-

163 1656 212 1687 re
243 1640 590 1702 Rempublicam.
622 1640 747 1701 Quid
777 1639 807 1686 fi
835 1642 1020 1688 militare
1047 1644 1186 1701 nolis,
1211 1645 1287 1690 nisi
1310 1646 1458 1707 impe-

164 1727 316 1770 rator,
344 1727 417 1760 aut
444 1714 681 1761 tribunus?
714 1714 845 1761 etiam
873 1714 902 1760 fi
934 1715 1005 1761 alii
1032 1716 1218 1778 primam
1259 1717 1457 1766 frontem

160 1786 410 1843 tenebunt,
437 1799 480 1834 te
506 1787 597 1834 sors
621 1788 734 1834 inter
762 1787 935 1835 triarios
964 1790 1110 1852 posuit
1132 1809 1142 1836 ε
1172 1791 1276 1838 inde
1306 1809 1422 1840 voce
1440 1828 1458 1851 ,

164 1860 498 1916 adhortatione,
517 1861 752 1924 exemplo,
775 1862 927 1908 animo
946 1864 1098 1910 milita.
1128 1865 1330 1912 Praecifis
1351 1883 1460 1929 quo·

165 1950 252 1998 que
280 1934 483 1981 manibus
510 1935 580 1981 ille
609 1935 653 1981 in
678 1936 854 1996 proelio
878 1936 1073 1995 invenit,
1103 1939 1227 2002 quod
1258 1941 1458 2000 partibus

164 2004 474 2071 conferat:qui
492 2006 570 2055 stat
587 2020 775 2064 tantum,
795 2009 1046 2056 et‘clamore
1065 2011 1321 2058 iuvat.Tale
1338 2013 1460 2076 quid-

167 2081 269 2128 dam
294 2080 454 2140 facies,
476 2082 507 2127 si
527 2099 550 2127 a
578 2083 719 2144 prima
738 2097 782 2130 te
812 2083 1099 2145 Reipubiicae
1130 2097 1252 2147 parte
1278 2084 1459 2134 fortuna

164 2152 442 2202 submove-rit
455 2171 470 2210 ;
496 2154 580 2202 stes
600 2169 773 2214 tamen,
794 2157 988 2203 clamore
1007 2157 1132 2204 iuves
1157 2176 1168 2204 :
1190 2158 1221 2203 fi
1248 2159 1346 2221 quis
1365 2158 1459 2206 fau·

167 2243 241 2274 ces
265 2229 555 2291 opprefferit3
587 2228 667 2276 stes
692 2241 865 2288 tamen,
892 2244 936 2277 et
967 2228 1136 2276 silentio
1167 2231 1305 2278 iuves.
1330 2234 1461 2279 Nun-

167 2316 300 2362 quam
324 2301 484 2347 inutilis
510 2302 573 2348 est
592 2319 728 2365 opera
745 2302 858 2350 civis
883 2305 1005 2350 boni.
1033 2305 1182 2351 auditu
1211 2305 1355 2363 enim,
1383 2305 1460 2353 vi-
1514 2301 1517 2304 ”

170 2374 219 2420 su
235 2407 247 2429 ‚
271 2376 418 2431 vultu,
439 2391 573 2433 nutu,
602 2376 898 2424 obstinatione
921 2380 1049 2425 tacita
1067 2415 1080 2437 ‚
1111 2380 1362 2444 incessuque
1385 2381 1458 2444 ip-

169 2449 218 2496 so
247 2449 440 2512 prodest.
465 2452 530 2498 Ut
555 2452 753 2499 salutaria
781 2453 1024 2516 quaedam,
1043 2454 1150 2502 citra
1178 2454 1350 2518 gustum
1370 2467 1459 2511 tac-‚
