1741 2919
300 147 390 196 186
554 145 604 197 L.
648 151 949 199 ANNAEI
989 146 1324 200 SENECAE

292 266 413 303 tenet
446 257 663 321 quidquid
699 259 903 317 abstulit;
942 260 1105 307 desinat
1140 260 1299 318 dolor,
1339 259 1416 324 qui
1450 261 1579 324 perit.

292 331 445 388 Quare
474 345 675 392 regamus
699 349 711 378 ε
733 349 814 379 nec
842 349 924 379 nos
953 333 1030 379 ista
1055 333 1122 379 vis
1146 332 1420 380 transversos
1448 333 1578 379 aufe-

291 415 368 448 rat.
390 403 556 465 Turpis
575 403 637 450 est
667 405 832 469 navigii
851 407 1025 464 refi'tor,
1051 406 1123 453 cui
1152 406 1443 469 gubernacula
1467 405 1578 452 flnc-

290 489 360 523 tus
392 476 585 537 eripuit,
618 477 694 541 qui
725 478 980 525 fluituantia
1004 480 1103 526 vela
1137 479 1355 535 deseruit,
1388 479 1581 541 permisit

289 547 534 610 tempestati
555 562 692 596 ratem
714 568 724 596 τ
745 565 788 597 at
809 552 879 598 ille
898 552 969 598 vel
997 552 1040 597 in
1059 551 1288 615 naufragio
1305 552 1545 599 laudandus
1560 584 1575 607 ,

288 638 421 684 quem
442 622 594 669 obruit
612 640 732 670 mare
753 625 928 672 clavum
949 637 1168 672 tenentem
1185 640 1228 671 et
1248 625 1480 671 obnixum.

356 697 424 740 VI
433 697 466 741 1.
506 699 562 741 At
598 696 714 742 enim
753 697 948 743 naturale
991 697 1251 744 desiderium
1288 697 1467 745 suorum
1503 696 1577 745 est.

283 766 402 827 Quis
420 778 547 830 negat
560 803 573 825 ‚
593 770 804 831 quamdiu
826 771 1055 817 modicum
1074 770 1161 818 est?
1180 788 1281 818 nam
1299 788 1353 818 ex
1371 771 1580 830 discessu,

287 857 380 885 non
397 842 536 887 solum
559 841 812 900 amiffione‚
836 843 1155 890 carissimorum
1181 842 1437 889 necessarius
1462 859 1580 889 mor-

286 922 354 968 {ns
385 921 471 980 est,
502 933 544 968 et
576 921 925 971 firmiffimorurn
962 940 1143 988 quoque
1174 923 1425 970 animorum
1464 939 1578 970 con-

286 994 459 1041 traffio.
481 996 564 1041 Sed
587 997 684 1057 plus
705 996 766 1043 est
787 998 911 1060 quod
931 997 1090 1061 opinio
1109 996 1259 1043 adiicit
1275 1032 1288 1055 ,
1305 1012 1436 1060 quam
1456 995 1579 1060 quod

285 1080 438 1113 natura
451 1067 706 1130 imperavit.
727 1071 915 1133 Adspice
934 1084 1159 1118 mutorum
1177 1070 1430 1116 animalium
1444 1087 1578 1133 quam

286 1142 506 1189 concitata
524 1141 603 1189 {int
622 1143 829 1191 desideria
844 1180 858 1202 ‚
880 1159 924 1192 et
945 1156 1092 1191 tamen
1118 1160 1248 1208 quam
1269 1144 1435 1191 brevia.
1457 1148 1579 1192 Vac-

288 1231 437 1260 carum
463 1231 554 1262 uno
573 1215 644 1262 die
661 1216 857 1264 alterove
885 1217 1077 1280 mugitus
1097 1217 1299 1263 auditur:
1317 1233 1398 1263 nec
1417 1216 1580 1262 diutius

285 1304 498 1349 equarum
535 1305 674 1352 vagus
707 1289 780 1336 ille
815 1306 1054 1354 amensque
1088 1288 1300 1338 discursus
1335 1289 1408 1336 est.
1447 1292 1579 1336 Ferae

287 1378 389 1407 cum
425 1360 607 1424 vestigia
641 1363 887 1408 catulorum
926 1362 1196 1410 conseftatae
1220 1363 1346 1421 sunt,
1379 1372 1423 1408 et
1452 1361 1579 1408 silvas

250 1491 259 1504 Α
288 1446 552 1498 pervagatae
574 1453 584 1478 ε
608 1451 709 1482 cum
731 1434 856 1499 saepe
873 1435 929 1482 ad
957 1435 1113 1483 cubilia
1131 1435 1318 1498 expilata
1336 1434 1545 1480 redierint
1562 1467 1578 1490 ,

288 1508 453 1555 rabiem
478 1509 589 1554 intra
612 1508 816 1572 exiguum
835 1523 1008 1571 tempus
1028 1506 1319 1570 exstinguunt.
1345 1509 1458 1554 Aves
1476 1523 1578 1553 cum

288 1581 476 1628 stridore
508 1598 670 1645 magno
703 1581 851 1628 inanes
883 1582 1013 1628 nidos
1044 1579 1434 1627 circumfremunt:
1466 1578 1580 1626 intra

290 1669 571 1701 momentum
602 1667 748 1702 tamen
784 1655 992 1718 quietae,
1025 1654 1198 1702 volatus
1232 1652 1332 1698 suos
1363 1663 1580 1714 repetunt.

290 1730 387 1775 Nec
416 1728 491 1774 ulli
520 1729 694 1775 animali
721 1729 904 1792 longum
935 1728 1082 1775 foetus
1109 1728 1171 1774 sui
1205 1725 1466 1773 desiderium
1488 1724 1580 1783 est,

289 1801 368 1848 nisi
389 1802 585 1848 homini:
606 1803 684 1865 qui
705 1801 823 1850 adest
843 1802 991 1849 dolori
1020 1801 1098 1847 suo
1114 1836 1126 1858 ‚
1148 1816 1229 1846 nec
1248 1810 1415 1844 tantum
1438 1814 1579 1860 quan-

288 1892 383 1924 tum
403 1876 560 1933 sentit,
578 1875 649 1922 sed
673 1890 885 1939 quantum
906 1873 1157 1930 constituit,
1178 1871 1376 1918 afficitur.
1394 1873 1456 1917 Ut
1473 1871 1577 1917 scias

288 1961 434 1994 autem
456 1964 547 1993 non
562 1947 647 1994 effe
661 1948 748 1995 hoc
761 1948 952 1994 naturale
963 1983 976 2005 ‚
995 1946 1180 1993 lufflbus
1196 1943 1335 2007 frangi
1351 1978 1364 1999 ,
1382 1942 1577 2004 primum

289 2019 431 2081 magis
469 2017 651 2064 feminas
681 2036 811 2081 quam
846 2019 968 2066 viros
985 2054 997 2075 ,
1032 2017 1169 2080 magis
1201 2017 1408 2062 barbaros
1443 2031 1577 2077 quam

289 2091 489 2154 placidos
512 2090 800 2154 eruditaeque
829 2092 969 2153 gentis
997 2090 1232 2147 homines,
1259 2087 1397 2150 magis
1417 2086 1578 2133 indoc-

289 2175 360 2208 tos
378 2178 512 2224 quam
539 2161 720 2218 do&os‚
751 2162 902 2207 eadem
923 2161 1088 2208 orbitas
1113 2161 1327 2207 vulnerat.
1346 2157 1481 2220 Atqui
1499 2175 1546 2204 ea
1560 2193 1576 2217 ‚

289 2252 400 2299 quae
421 2252 444 2281 a
470 2250 621 2281 natura
649 2235 740 2282 vim
762 2248 1056 2296 acceperunt,
1095 2234 1276 2281 eandem
1296 2232 1341 2277 in
1368 2232 1577 2279 omnibus

291 2309 480 2354 servant.
498 2310 694 2370 Apparet
712 2324 802 2354 non
824 2308 912 2354 effe
932 2307 1125 2353 naturale
1139 2343 1153 2365 ‚
1172 2305 1296 2371 quod
1313 2303 1481 2353 varium
1501 2304 1577 2354 est.

289 2379 405 2443 Ignis
435 2396 591 2426 omnes
627 2394 814 2439 aetates,
854 2380 1057 2426 omnium
1089 2379 1263 2426 urbium
1298 2378 1450 2435 cives,
1482 2391 1574 2424 tam
1630 2422 1632 2424 ,

289 2454 417 2506 viros
435 2470 566 2517 quam
591 2453 806 2516 feminas,
835 2469 961 2505 uret:
992 2454 1154 2503 ferrum
1173 2454 1221 2503 in
1239 2452 1365 2502 omni
1381 2467 1577 2516 corpore
