1741 2919
305 161 395 206 144
463 147 510 192 L.
538 146 680 191 ANN.
708 145 914 192 SENEC.
947 146 1120 192 CONS.
1148 146 1235 193 AD
1270 148 1449 196 HELV.

298 254 473 319 qualem
518 270 589 300 me
629 253 796 316 cogites
818 290 832 313 ‚
881 253 1046 318 accipe.
1110 257 1289 302 Laetum
1327 272 1370 304 et
1409 256 1597 304 alacrem

298 328 421 374 velut
446 326 626 389 optimis
651 327 798 374 rebus.
837 327 935 375 sunt
953 341 1096 374 autem
1119 330 1343 391 optimae,
1372 347 1471 377 cum
1494 331 1592 377 ani-

297 418 395 448 mus
426 400 572 446 omnis
597 400 882 464 cogitationis
904 418 1064 465 expers
1090 403 1303 464 operibus
1329 403 1413 449 suis
1435 418 1593 460 vacat3

297 489 342 520 et
356 474 495 519 modo
514 471 556 518 se
575 472 818 520 levioribus
839 472 985 520 studiis
1007 469 1200 520 oblectat
1215 509 1229 530 ,
1247 475 1389 521 modo
1407 476 1463 522 ad
1482 492 1593 523 con-

298 545 571 593 fiderandam
595 544 714 592 suam
745 546 1025 610 universique
1056 559 1280 606 naturam,
1312 547 1414 594 veri
1440 547 1596 596 avidus

295 622 494 685 insurgit.
519 622 680 667 Terras
716 620 909 683 primum
929 657 944 679 ,
978 620 1195 685 [itumque
1230 639 1382 669 earum
1411 621 1596 686 quaerit.

298 697 458 743 deinde
475 695 784 741 conditionem
805 693 1057 742 circumfusi
1076 695 1226 751 maris,
1243 694 1480 759 cursusque
1499 693 1593 741 eius

297 770 492 817 alternos
510 780 554 815 et
573 768 767 814 recursus
788 784 798 812 :
818 782 923 814 tunc
941 766 1161 830 quidquid
1178 766 1291 813 inter
1309 767 1485 814 coelum
1503 778 1592 813 ter-

296 859 453 907 rasque
486 842 666 905 plenum
707 839 958 887 formidinis
991 839 1242 898 interiacet,
1275 840 1479 903 perspicit
1500 875 1514 898 ‚
1550 851 1594 886 et

299 918 388 963 hoc
422 914 685 970 tonitribus,
712 913 968 960 fulminibus
985 949 998 969 ‚
1029 927 1272 960 ventorum
1308 913 1484 961 flatibus
1503 949 1517 970 ,
1542 930 1592 961 ac

297 987 556 1035 nimborum
590 984 796 1048 nivisque
826 997 868 1031 et
889 984 1115 1048 grandinis
1135 985 1247 1031 iactu
1273 985 1595 1032 tumultuosum

296 1060 483 1124 spatium
512 1075 523 1104 τ
563 1069 655 1103 tum
691 1057 931 1120 peragratis
974 1057 1285 1104 humilioribus
1330 1058 1384 1102 ad
1423 1058 1594 1104 summa

297 1131 549 1197 prorumpit
575 1167 588 1189 ,
625 1143 669 1177 et
705 1130 1007 1193 pulcherrimo
1050 1129 1308 1178 divinorum
1344 1128 1592 1192 spectaculo

298 1206 486 1262 fruitur,
516 1203 873 1268 aeternitatisque
899 1205 998 1251 suae
1019 1220 1220 1259 memor,
1242 1203 1288 1249 in
1309 1219 1444 1251 omne
1467 1204 1593 1268 quod

297 1278 410 1337 fuit,
431 1278 715 1342 futurumque
737 1277 798 1324 est
817 1277 1027 1346 omnibus
1054 1277 1207 1325 seculis
1226 1311 1239 1335 ,
1267 1276 1406 1326 vadit.
