1741 2919
327 199 419 232 202
551 184 950 236 LANNAEI
1012 185 1378 233 SENECAE

324 288 501 353 navigia
517 326 529 346 ‚
549 307 654 354 quas
673 307 763 337 non
784 285 966 338 move're
992 305 1125 338 terras
1140 289 1402 354 quaerentia.
1421 287 1604 337 Videbis

325 364 432 409 nihil
459 364 672 410 humanae
692 365 896 411 audaciae
921 364 1172 410 intentatum
1192 400 1205 422 ‚
1231 363 1399 425 erisque
1418 377 1462 410 et
1485 364 1604 426 spec-

322 434 480 492 tatrix,
500 447 543 481 et
561 434 650 498 ipsa
669 452 768 497 pars
798 453 954 499 magna
983 435 1269 483 conantium:
1305 435 1440 482 disces
1469 437 1605 484 doce-

323 506 479 571 bisque
503 521 641 564 artes,
674 509 776 556 alias
795 526 905 573 quae
933 508 1071 557 vitam
1099 508 1335 564 instruant,
1361 508 1461 555 alias
1493 524 1604 572 quae

324 591 487 625 ornent
506 615 519 636 ‚
548 579 650 626 alias
665 598 780 642 quae
798 592 958 646 regant.
986 582 1068 627 Sed
1095 580 1187 627 istic
1219 592 1344 628 erunt
1366 582 1482 627 mille
1504 599 1604 628 cor-

322 667 486 714 porum
513 663 557 698 et
581 651 828 700 animorum
857 653 1021 715 pestes,
1053 655 1221 701 etbella
1237 690 1250 709 ‚
1280 670 1322 700 et
1347 654 1572 701 latrocinia
1589 689 1605 710 ,

322 735 369 767 et
397 738 596 777 venena?
629 738 672 769 et
699 724 947 789 naufragia-1,
979 736 1022 772 et
1053 725 1333 787 intemperies
1364 725 1475 773 coeli
1505 741 1604 771 cor-

321 794 531 856 porisque
546 832 557 852 ,
578 806 620 842 <t
641 797 955 844 cariffimormn
976 799 1128 844 acerba
1148 798 1379 852 defideria‚
1398 813 1439 844 et
1457 814 1604 852 mors,

319 865 538 915 incertum
569 870 731 928 smilis,
759 888 812 917 an
834 888 912 934 per
931 888 1117 932 poenatn
1137 871 1480 934 cruciatumque.
1506 873 1603 918 De-

315 938 453 986 libera
469 954 635 1000 tecum,
659 957 702 989 et
719 945 941 1006 perpende
958 946 1066 1007 quid
1087 945 1205 991 velis.
1223 936 1270 990 ut
1288 943 1333 988 in
1352 943 1421 989 illa
1439 944 1604 999 venias,

321 1030 401 1077 per
419 1015 494 1060 ista
515 1018 763 1064 exeundum
782 1018 855 1065 est.
875 1017 1200 1080 Respondebis,
1227 1017 1339 1064 velle
1357 1030 1401 1064 te
1416 1017 1601 1065 vivere?

320 1088 510 1149 quidni?
543 1092 687 1136 Immo
705 1126 716 1136 ,
750 1104 860 1153 puto
881 1127 894 1149 ‚
920 1093 974 1137 ad
999 1092 1043 1138 id
1077 1108 1164 1138 non
1193 1090 1370 1138 accedes
1389 1126 1402 1148 ‚
1432 1107 1486 1136 ex
1512 1106 1605 1152 quo

319 1159 401 1205 tibi
436 1161 598 1225 aliquid
622 1164 800 1214 ‚detrahi
836 1166 974 1213 doles.
1010 1165 1127 1212 Vive
1161 1181 1268 1227 ergo
1302 1175 1348 1210 ut
1380 1163 1604 1210 convenit.

320 1233 469 1279 Nemo
488 1270 501 1290 9
527 1235 699 1298 inquis,
729 1255 812 1287 nos
831 1238 1059 1286 consuluit.
1079 1236 1280 1284 Consulti
1307 1235 1400 1281 sunt
1433 1235 1486 1280 de
1519 1251 1605 1280 no-

321 1306 389 1354 bis
409 1324 605 1370 parentes
624 1310 760 1358 nostri
782 1330 792 1358 :
822 1312 897 1374 qui
915 1330 1016 1360 cum
1039 1311 1345 1360 conditionem
1366 1310 1483 1360 vitae
1503 1310 1604 1357 nos-

320 1377 438 1435 sent,
459 1380 504 1426 in
522 1381 632 1429 hanc
652 1401 734 1430 nos
758 1385 1032 1434 sustulerunt.

388 1451 517 1497 XIX.
534 1454 618 1500 sed
640 1467 685 1501 ut
703 1457 757 1502 ad
776 1457 922 1503 solatia
941 1457 1115 1505 veniam
1131 1491 1145 1512 ‚
1164 1457 1390 1504 videamus
1410 1455 1601 1517 primum

322 1522 428 1584 quid
461 1527 702 1573 curflndum
739 1528 816 1587 fit,
851 1529 1010 1577 deinde
1028 1529 1421 1593 quemadmodum.
1444 1530 1603 1574 Movet

321 1595 544 1658 lugentem
571 1600 833 1653 desiderium
870 1601 987 1662 eius,
1019 1620 1147 1666 quem
1180 1600 1346 1648 dilexit.
1375 1601 1423 1646 ld
1452 1616 1529 1662 per
1560 1598 1603 1644 se

320 1670 548 1719 tolerabile
566 1688 754 1737 apparet.
776 1676 985 1724 Absentes
1001 1678 1118 1723 enim
1139 1676 1475 1738 abfuturosque,
1495 1673 1603 1719 dum

321 1743 554 1803 viverent,
581 1764 673 1794 non
698 1747 876 1808 flemus,
902 1750 1104 1813 quamvis
1131 1750 1274 1796 omnis
1303 1748 1401 1796 usus
1427 1748 1603 1793 illorum

320 1816 450 1865 nobis
464 1832 507 1865 et
525 1821 779 1884 conspeilus
795 1816 967 1886 ereptus
984 1825 1043 1871 sit.
1061 1824 1233 1887 Opinio
1252 1822 1312 1870 est
1332 1837 1439 1885 ergo
1452 1854 1465 1876 ‚
1491 1836 1603 1884 quae
1643 1828 1646 1830 ’

321 1904 404 1935 nos
423 1893 592 1940 cruciat
611 1904 689 1941 :et
713 1897 822 1942 tanti
848 1898 1059 1960 quodque
1084 1897 1247 1944 malum
1272 1895 1357 1952 est,
1378 1895 1526 1959 quanti
1550 1893 1603 1939 il-

320 1961 397 2008 lud
426 1965 686 2014 taxavimus.
717 1971 762 2014 ln
788 1969 933 2016 nostra
960 1969 1170 2032 potestate
1197 1969 1438 2016 remedium
1468 1966 1603 2013 habe-

309 2048 432 2086 mus.
471 2040 717 2088 Iudicemus
735 2043 833 2090 illos
854 2043 993 2090 abeffe
1007 2079 1020 2101 ,
1040 2058 1083 2090 et
1105 2042 1357 2105 nosmetipsi
1388 2040 1602 2087 fallamus.

321 2113 564 2161 dimifimus
578 2115 695 2163 illos:
715 2116 856 2163 immo
875 2117 1150 2165 consecuturi
1165 2114 1474 2180 praemisimus.
1496 2115 1604 2161 Mo-

321 2202 398 2236 vet
422 2201 466 2235 et
492 2188 597 2236 illud
624 2190 844 2253 lugentem
873 2209 883 2237 :
916 2193 1021 2237 Non
1048 2192 1131 2237 erit
1155 2192 1229 2253 qui
1255 2207 1326 2236 me
1359 2188 1567 2236 defendat
1587 2223 1603 2246 ‚

320 2259 440 2323 quia
460 2272 690 2307 contemtu
718 2261 926 2309 vindicet.
956 2264 1019 2309 Ut
1047 2262 1228 2308 min-ime
1253 2261 1499 2324 probabili,
1529 2261 1602 2307 sed

308 2349 437 2379 >vero
461 2333 618 2380 solatio
638 2348 736 2381 utar
756 2352 766 2381 :
786 2335 830 2381 in
861 2334 1040 2382 civitate
1065 2334 1329 2396 nostra'plus
1348 2333 1504 2396 gratiae
1523 2350 1600 2379 or-

322 2405 432 2452 bitas
456 2406 655 2466 confert,
682 2424 813 2471 quam
838 2409 981 2471 eripit.
1016 2409 1228 2472 Adeoque
1255 2407 1511 2455 seneclutem
1532 2406 1601 2452 so-

323 2478 488 2540 litudo,
507 2497 618 2545 quae
642 2483 808 2531 solebat
839 2482 1084 2544 destruere,
1109 2483 1162 2530 ud
1185 2481 1427 2546 potentiam
1457 2479 1600 2538 ducit,
