1741 2919
399 111 482 158 DE
518 110 918 157 CONSTANTiA
954 110 1280 173 SAPtENTIS„
1376 129 1461 173 μη

191 216 315 280 regis.
354 218 498 266 Habes
518 218 592 265 sub
620 232 662 265 te
687 218 889 276 Parthos,
910 218 1092 275 Medos,
1117 233 1159 266 et
1184 218 1431 266 Baclrianos
1452 237 1461 262 2

191 288 263 335 sed
286 306 398 354 quos
424 303 541 338 metu
571 292 768 338 contines
785 327 797 348 ‚
824 291 895 337 sed
922 304 1104 354 propter
1129 308 1240 353 quos
1269 291 1464 338 remitte·

187 379 236 410 re
252 368 399 411 arc‘um
423 365 503 412 tibi
527 366 615 412 non
644 364 859 429 contigit,
883 364 952 413 sed
973 364 1242 428 postremos,
1264 365 1334 411 sed
1356 381 1464 412 vae—-

189 437 330 496 nales,
350 439 421 484 sed
443 455 611 486 novum
638 454 902 500 aucupantes
923 438 1183 485 dominium.
1208 438 1381 485 Nullius
1399 454 1464 483 er-

189 525 248 569 go
268 510 520 558 movebitur
543 511 810 557 contumelia
836 528 846 557 t
876 527 1031 557 omnes
1048 511 1165 556 enim
1187 509 1300 556 inter
1315 510 1358 556 se
1379 509 1464 555 dif-

188 580 361 628 ferunt:
384 581 546 645 sapiens
564 583 737 646 quidem
759 599 882 645 pares
901 582 1027 639 illos,
1048 583 1109 628 ob
1128 582 1351 644 aequalem
1370 580 1463 627 stul-

185 651 321 699 titiam
341 686 356 710 ,
377 670 532 702 omnes
558 668 692 717 putat.
719 655 833 701 Nam
860 655 890 700 s1
919 654 1048 701 semel
1073 654 1114 700 se
1142 653 1350 700 dimiserit
1373 671 1429 718 eo
1448 689 1464 711 ,

187 738 235 771 ut
266 743 341 774 aut
363 726 517 776 iniuria
544 741 804 783 moveatur,
845 740 916 774 aut
942 727 1234 782 contumelia;
1260 743 1348 773 non
1379 744 1462 789 po—

186 800 285 847 terit
300 819 491 866 unquam
511 804 594 850 effe
608 804 808 865 securus:
828 803 1028 850 securitas
1053 813 1198 849 autem
1228 802 1462 864 proprium

178 869 354 922 bonum
376 875 576 940 sapientis
602 877 675 924 est.
708 878 803 924 Nec
827 876 1105 931 committet,
1122 886 1169 922 ut
1189 875 1462 922 vindicando

183 944 260 993 fibi
277 950 590 997 contumeliam
615 949 794 1007 fa&am‚
817 950 1035 996 honorem
1061 949 1215 995 habeat
1230 949 1269 994 ei
1293 948 1371 1011 qui
1391 947 1462 995 fe·-

183 1019 256 1066 cit.
283 1022 452 1070 neceffe
480 1023 541 1069 est
558 1023 672 1070 enim
690 1059 702 1081 ‚
722 1040 745 1069 a
771 1038 862 1085 quo
892 1022 1080 1086 quisque
1108 1021 1333 1069 contemni
1356 1038 1462 1068 mo-

182 1092 284 1140 leste
310 1095 416 1151 fert,
444 1097 596 1159 suspici
632 1096 830 1160 gaudeat.

249 1170 376 1218 X1V.
414 1173 554 1219 Tanta
584 1172 796 1234 quosdam
825 1169 1040 1217 dementia
1062 1181 1203 1228 tenet,
1233 1181 1281 1218 ut
1303 1184 1476 1229 contu-7

183 1242 356 1290 meliam
386 1243 462 1291 fibi
495 1245 617 1308 poffe
647 1243 741 1291 fieri
768 1258 922 1306 putent
951 1259 974 1288 a
1005 1243 1198 1290 muliere.
1232 1244 1353 1304 Quid
1386 1262 1456 1291 re-

181 1313 292 1371 fert,
322 1332 536 1380 quantum
558 1317 736 1371 habeat,
766 1331 877 1379 quot
898 1314 1139 1362 lefflicarios
1158 1351 1173 1372 ,
1197 1334 1327 1380 quam
1348 1333 1456 1364 one-

182 1403 295 1437 ratas
319 1407 469 1448 aures,
505 1407 636 1453 quam
670 1390 808 1436 laxam
844 1389 1023 1436 sellam?
1052 1405 1188 1452 aeque
1225 1391 1457 1453 impudens

180 1462 338 1510 animal
368 1464 454 1523 est,
484 1480 527 1512 et
554 1465 631 1510 nisi
660 1463 833 1512 scientia
865 1463 1037 1510 acceffit
1067 1479 1116 1510 ac
1144 1464 1281 1511 multa
1307 1466 1456 1511 erudi*

180 1536 272 1594 tio,
299 1537 438 1584 ferum
461 1574 474 1596 ,
502 1537 788 1600 cupiditatum
819 1536 1108 1582 incontinens.
1138 1537 1331 1597 Quidam
1362 1537 1404 1584 se
1433 1555 1457 1584 a

178 1608 395 1657 cinerario
421 1611 629 1675 impulsos
658 1609 842 1657 moleste
865 1609 1042 1664 ferunt,
1072 1622 1113 1656 et
1142 1610 1455 1657 contumeliam

179 1694 343 1729 vocant
375 1684 536 1731 ostiarii
573 1684 897 1740 difficultatem,
928 1682 1271 1729 nomenclatoris
1299 1683 1452 1745 super-

177 1753 291 1800 biam
308 1788 322 1810 ,
347 1751 598 1803 cubicularJi
627 1756 917 1819 supercilium.
957 1758 1002 1802 O
1028 1768 1215 1819 quantus
1244 1755 1357 1801 inter
1374 1755 1453 1801 ista

175 1827 283 1875 risus
307 1830 523 1877 tollendus
542 1830 627 1886 est,
650 1843 808 1894 quanta
832 1830 1058 1892 voluptate
1080 1829 1327 1891 implendus
1354 1828 1450 1875 ani-

175 1918 293 1957 mus,
313 1918 367 1949 ex
393 1903 634 1950 alienorum
667 1921 865 1950 errorum
895 1903 1106 1960 tumultu,
1134 1902 1452 1963 contemplanti

175 1976 365 2037 quietem
397 1975 543 2023 suam!
578 1979 700 2038 Quid
725 1983 859 2042 ergo?
893 1978 1055 2040 sapiens
1084 1994 1175 2024 non
1198 1977 1376 2023 accedet
1395 1977 1450 2023 ad

174 2045 320 2104 sores,
344 2065 449 2112 quas
481 2050 614 2096 durus
631 2050 793 2096 ianitor
822 2049 1028 2097 obsidet?
1060 2049 1135 2096 llle
1165 2064 1306 2106 vero,
1335 2048 1364 2093 fi
1382 2065 1449 2096 res

174 2122 405 2169 neceffaria
444 2123 649 2181 vocabit,
683 2123 963 2186 experietur,
995 2137 1038 2170 et
1067 2122 1217 2179 illum,
1248 2120 1448 2184 quisquis

172 2192 279 2249 erit,
290 2207 493 2256 tanquam
509 2212 660 2242 canem
679 2212 823 2243 acrem
837 2232 849 2255 ‚
867 2195 1042 2242 obiecto
1063 2194 1164 2242 cibo
1183 2194 1341 2241 leniet:
1364 2211 1446 2241 nec

174 2264 471 2328 indignabitur
499 2267 660 2330 aliquid
685 2266 965 2329 impendere,
995 2277 1043 2313 ut
1065 2266 1199 2313 limen
1235 2265 1448 2322 transeat,

173 2339 371 2400 cogitans
389 2351 431 2385 et
455 2338 500 2385 in
526 2339 735 2402 pontibus
756 2340 1015 2403 quibusdam
1043 2356 1125 2402 pro
1145 2338 1322 2386 tranfitu
1340 2338 1446 2386 dari.

174 2412 319 2474 Itaque
342 2410 406 2459 illi
435 2428 637 2476 quoque,
668 2412 861 2477 quisquis
878 2412 982 2475 erit,
1009 2411 1086 2476 qui
1107 2412 1195 2461 hoc
1219 2411 1445 2463 salutatio-z
