1741 2919
319 149 411 209 284
577 152 625 197 L.
669 151 959 199 ΑΝΝΑΕΙ
1002 152 1340 200 SENECAE

315 256 473 303 dubiae
492 255 570 301 fint
587 257 706 304 vires
723 257 973 322 inexpertae
995 277 1005 306 :
1029 275 1079 306 ac
1097 259 1255 307 merito
1275 258 1503 306 certiffima
1525 258 1594 306 fir·

313 328 438 374 mitas
462 328 696 387 habeatur,
727 348 839 393 quae
862 348 1016 377 omnes
1036 333 1230 377 incursus
1249 332 1420 393 respuit.
1456 331 1524 377 Sic
1544 345 1592 378 tu

312 400 550 461 sapientem
583 402 775 449 melioris
799 403 909 450 scito
939 404 1024 450 effe
1055 419 1258 459 naturae,
1297 403 1326 449 fi
1355 404 1508 449 nullius
1534 402 1593 449 issi

312 473 470 519 iniuria
500 487 657 531 nocet,
683 493 812 539 quam
834 476 862 521 fi
888 477 1004 523 nulla
1032 476 1091 522 sit.
1125 479 1178 523 Et
1198 477 1318 522 illum
1345 475 1507 522 fortem
1527 477 1594 522 vi-

312 561 409 591 rum
430 546 574 592 dicam
591 583 603 605 ‚
627 565 759 610 quem
782 549 895 595 bella
923 564 1012 595 non
1047 550 1279 613 subigunt,
1310 566 1392 596 nec
1415 549 1592 595 admota

311 620 380 667 vis
404 620 570 668 hostilis
595 634 813 670 exterret:
838 639 927 669 non
959 623 1028 670 cui
1057 624 1219 687 pingue
1242 624 1382 669 otium
1411 622 1498 680 est,
1525 622 1591 668 in-

309 707 378 739 ter
396 693 560 741 desides
575 696 778 759 populos.
798 696 1064 742 Huiusmodi
1084 697 1219 760 igitur
1233 695 1468 758 sapientem
1485 695 1592 741 nulli

313 765 592 814 effeiniuriae
611 768 874 815 obnoxium.
892 771 1039 831 Itaque
1057 785 1147 815 non
1167 768 1313 823 refert,
1334 785 1463 832 quam
1481 768 1594 813 mul-

314 850 356 883 ta
383 839 427 884 in
456 839 573 886 illum
599 841 889 887 coniiciantur
908 842 989 886 tela
1008 877 1021 895 ‚
1055 858 1156 889 cum
1183 841 1232 887 fit
1256 841 1359 886 nulli
1386 852 1593 903 penetra·

314 912 420 958 bilis.
450 914 699 972 Quomodo
727 915 1002 977 quorundam
1031 915 1221 976 lapidum
1246 912 1594 976 inexpugnabilis

312 983 436 1030 ferro
459 987 619 1032 duritia
644 986 728 1044 est,
754 1003 834 1033 nec
864 988 994 1034 secari
1024 987 1219 1045 adamas,
1253 999 1326 1033 aut
1351 985 1496 1042 caedi,
1521 984 1594 1029 vel

300 1058 452 1110 *deteri
481 1059 644 1120 potest,
665 1060 734 1107 sed
764 1060 1025 1107 incurrentia
1052 1061 1169 1106 ultro
1199 1059 1415 1107 retundit:
1440 1073 1594 1120 quem-

315 1130 553 1177 admodum
582 1133 793 1196 quaedam
816 1149 905 1177 non
938 1131 1114 1194 poss'unt
1142 1132 1239 1194 igne
1272 1129 1503 1186 consumi,
1522 1127 1594 1174 sed

314 1203 491 1250 §lamma
512 1205 793 1262 circumfusa,
813 1205 1006 1268 rigorem
1033 1205 1151 1251 suum
1174 1203 1462 1264 habitumque
1488 1216 1595 1246 con-

314 1277 516 1324 servant:
548 1279 925 1339 quemadmodum
958 1279 1140 1337 proieffi
1169 1279 1214 1322 in
1248 1277 1381 1320 altum
1410 1273 1577 1334 scopuli

316 1363 434 1392 mare
473 1346 702 1411 frangunt,
734 1365 815 1395 nec
844 1348 920 1409 ipsi
945 1349 1027 1394 una
1054 1345 1253 1392 saevitiae
1283 1344 1493 1407 vestigia,
1525 1356 1593 1390 tot

318 1420 539 1467 verberati
562 1422 711 1468 seculis
747 1422 993 1468 ostentant:
1027 1421 1083 1467 ita
1111 1419 1309 1482 sapientis
1334 1419 1502 1464 animus
1533 1416 1595 1462 so-

315 1495 427 1541 lidus
457 1494 544 1553 est,
566 1508 607 1542 et
636 1495 679 1541 id
707 1497 881 1542 roboris
913 1496 1116 1557 coilegit‚
1144 1507 1296 1539 uttam
1328 1504 1445 1540 tutus
1474 1491 1522 1537 sit
1539 1489 1592 1535 ab

313 1564 473 1611 iniuria
490 1602 502 1621 ‚
533 1583 660 1628 quam
682 1566 752 1612 illa
771 1583 881 1629 quae
903 1566 1043 1613 retuli.

382 1641 456 1685 IV.
483 1640 604 1700 Quid
631 1640 799 1702 igitur?
831 1657 921 1685 non
950 1639 1032 1686 erit
1063 1638 1215 1701 aliquis
1233 1637 1308 1701 qui
1338 1636 1516 1700 sapienti
1536 1636 1593 1684 fa·

316 1727 414 1757 cere
439 1725 574 1758 tentet
600 1712 837 1759 iniuriam?
867 1712 1077 1759 Tentabit
1094 1748 1106 1769 ‚
1136 1712 1208 1758 sed
1239 1728 1329 1758 non
1354 1723 1592 1773 perventu-

315 1801 408 1829 ram
435 1784 489 1830 ad
512 1801 628 1831 eum.
666 1785 839 1831 Maiore
859 1786 974 1830 enim
1004 1785 1234 1831 intervallo
1254 1802 1277 1829 a
1299 1785 1499 1831 conmitti
1519 1783 1591 1829 in-

317 1857 529 1904 feriorum
564 1859 769 1906 abdufhls
798 1860 856 1905 est
875 1895 887 1917 ,
914 1876 1045 1922 quam
1074 1873 1121 1906 ut
1146 1858 1229 1905 ulla
1263 1858 1328 1905 vis
1355 1859 1487 1905 noxia
1515 1874 1591 1904 us-

318 1947 404 1992 que
427 1932 481 1977 ad
503 1931 620 1978 illum
653 1933 766 1978 vires
794 1932 887 1978 suas
910 1930 1114 1994 perferat.
1146 1931 1284 1977 Etiam
1304 1947 1403 1977 cum
1427 1942 1590 1992 poten-

319 2016 411 2058 tes,
438 2014 482 2049 et
505 2002 693 2064 imperio
719 2002 853 2058 editi,
872 2015 914 2049 et
937 2001 1144 2048 consensu
1175 2002 1452 2048 servientium
1476 2000 1589 2046 vali-

320 2074 387 2128 di,
417 2090 576 2120 nocere
596 2076 635 2120 ei
661 2074 910 2121 intendent:
931 2086 1017 2119 tam
1044 2074 1150 2120 citra
1175 2073 1407 2134 sapientem
1433 2088 1589 2119 omnes

317 2164 473 2195 eorum
501 2149 686 2209 impetus
705 2148 936 2205 deficient,
957 2165 1086 2212 quam
1110 2164 1217 2210 quae
1239 2164 1378 2195 nervo
1398 2159 1589 2193 tormen-

315 2222 431 2268 tisve
460 2221 504 2267 in
535 2222 667 2267 altum
690 2221 1018 2283 exprimuntur,
1046 2237 1144 2267 cum
1171 2231 1290 2266 extra
1317 2218 1459 2267 visum
1479 2220 1587 2266 exfi-

318 2294 501 2350 liei-unt,
537 2294 643 2339 citra
678 2294 851 2340 coelum
882 2306 1023 2338 tamer
1061 2291 1303 2340 ssefihmtur.
1349 2293 1505 2352 Quid?
1539 2305 1587 2338 tu

320 2378 470 2427 putas,
515 2382 613 2411 cum
655 2366 830 2412 stolidus
862 2365 933 2412 ille
973 2382 1050 2411 rex
1089 2365 1364 2412 multitudine
1397 2365 1586 2412 telorum

320 2438 436 2488 diem
468 2437 757 2499 obscurasset,
789 2439 918 2489 uliam
947 2439 1143 2505 sagittam
1168 2439 1215 2486 in
1239 2439 1385 2489 Solem
1414 2437 1592 2491 incidis-⁴
