1741 2919
481 163 1112 217 D131RAL1B.111.·
1376 183 1436 234 95

144 288 242 324 rent
257 309 271 333 ‚
300 275 654 339 improbaremus
671 308 685 332 ‚
725 275 897 334 immo,
924 276 1048 339 quod
1070 274 1134 322 est
1150 274 1445 324 incredibile
1426 314 1444 338 ,

146 349 274 413 saepe
294 350 351 397 de
377 350 497 397 facto
527 349 638 396 bene
662 348 986 406 existimamus,
1017 349 1072 394 de
1095 348 1283 397 faciente
1312 352 1442 399 male.

212 424 389 471 XXIX.
407 428 468 470 At
492 423 763 470 mehercules
786 421 857 468 vir
876 437 1061 484 magnus
1079 439 1130 470 ac
1156 423 1315 482 iustus,
1342 423 1442 473 for-

142 497 354 545 tiffimum
375 513 597 561 quemque
622 514 679 544 ex
703 495 900 543 hostibus
924 494 1036 554 suis,
1068 512 1113 544 et
1137 513 1223 560 pro
1242 497 1443 549 libertate

144 585 197 617 ac
227 568 357 617 salute
390 570 558 633 patriae
589 568 978 633 pertinacissimum
1002 568 1203 632 suspicit,
1236 587 1279 618 et
1309 572 1444 620 talem

144 643 223 690 fibi
248 644 426 700 civem,
457 644 584 690 talem
618 644 801 691 militem
834 644 1090 710 contingere
1119 656 1256 708 optat.
1288 646 1445 710 Turpe

145 717 210 765 est
228 753 243 775 ,
271 719 412 775 odjffe
431 736 562 782 quem
581 718 728 766 laudes
749 737 758 765 ε
781 734 950 782 quanto
970 736 1083 767 vero
1103 719 1273 782 turpius
1286 757 1298 779 ,
1316 722 1377 767 ob
1396 721 1445 768 id

145 790 339 854 aliquem
376 792 546 850 odiffe,
577 806 763 856 propter
796 792 918 855 quod
955 791 1254 839 misericordia
1287 794 1447 858 dignus

144 862 240 910 est?
271 865 314 911 Si
346 865 550 928 captivus
579 866 623 912 in
643 865 895 912 servitutem
922 866 1069 913 subito
1095 866 1318 929 depreffus
1339 868 1444 914 reli-

143 937 270 999 quias
304 937 513 986 libertatis
547 950 701 995 tenet,
728 956 809 986 nec
840 941 893 986 ad
928 939 1104 998 sordida
1137 956 1189 986 ac
1223 940 1446 990 laboriosa

144 1009 382 1057 ministeria
416 1012 537 1076 agilis
571 1013 802 1070 occurrit,
836 1012 868 1058 fi
897 1029 953 1058 ex
985 1011 1083 1058 otio
1116 1013 1242 1076 piger
1273 1031 1443 1078 equum

144 1083 489 1148 vehiculumque
514 1085 686 1131 domini
724 1085 855 1132 cursu
876 1102 968 1131 non
991 1099 1236 1149 exaequat,
1271 1087 1302 1133 fi
1328 1088 1443 1136 inter

145 1156 427 1218 quotidianas
452 1157 625 1221 vigilias
656 1157 811 1204 fessum
840 1158 1018 1205 somnus
1041 1159 1256 1221 oppressit
1272 1195 1286 1219 ,
1314 1161 1345 1208 fi
1363 1179 1444 1208 ru-

144 1227 299 1276 sticum
326 1231 523 1279 laborem
544 1232 738 1288 recusat,
759 1243 834 1278 aut
853 1248 943 1277 non
965 1232 1142 1280 sortiter
1161 1234 1287 1292 obit,
1310 1252 1333 1281 a
1354 1236 1445 1283 ser-⁴

143 1302 287 1350 vitute
311 1305 477 1352 urbana
506 1317 550 1352 et
580 1305 730 1353 feriata
762 1306 990 1353 transsatus
1028 1307 1083 1353 ad
1120 1307 1282 1356 durum
1314 1322 1445 1374 opus.v

142 1376 477 1441 Distinguamus
496 1415 509 1437 ‚
538 1391 684 1426 utrum
714 1379 872 1443 aliquis
906 1396 998 1426 non
1036 1380 1196 1443 poffit,
1227 1398 1279 1427 an
1315 1383 1442 1433 nolit.

143 1450 307 1499 multos
347 1453 652 1514 absolvemus,
690 1453 720 1499 fi
756 1454 1037 1516 coeperimus
1075 1468 1173 1502 ante
1206 1456 1442 1517 iudicare,

142 1539 279 1586 quam
309 1523 448 1572 irasci.
479 1528 612 1572 Nunc
644 1538 790 1572 autem
820 1526 1014 1588 primum
1045 1525 1261 1587 impetum
1296 1525 1441 1590 sequi-

142 1612 254 1651 mur.
287 1597 445 1644 deinde
469 1599 674 1662 quamvis
696 1615 808 1646 vana
842 1614 924 1644 nos
958 1598 1308 1655 concitaverint,
1335 1617 1438 1662 per-

141 1666 411 1727 severamus,
437 1688 492 1718 ne
507 1672 742 1719 videamur
763 1670 953 1751 coepisse
972 1670 1059 1716 sine
1078 1670 1228 1717 causa:
1250 1685 1293 1718 et
1314 1673 1441 1735 quod

141 1740 459 1804 iniquissimum
495 1745 583 1803 est,
618 1744 937 1808 pertinaciores
975 1761 1059 1790 nos
1092 1743 1195 1790 facit
1232 1745 1442 1810 iniquitas

142 1813 246 1862 irae.
266 1817 522 1886 Retinemus
540 1818 657 1865 enim
678 1819 828 1876 illam,
854 1833 897 1864 et
915 1835 1152 1880 augemus:
1174 1818 1293 1880 quafi
1311 1836 1439 1883 argu-

142 1882 339 1936 mentum
366 1890 416 1938 fit
447 1891 554 1938 iuste
580 1892 830 1949 irascentis,
862 1892 1054 1956 graviter
1084 1890 1224 1937 irasci.
1253 1894 1441 1953 Quanto

141 1962 296 2011 melius
323 1963 412 2024 est,
443 1965 566 2012 initia
588 1966 677 2029 ipsa
706 1966 979 2029 perspicer,e
1010 1981 1142 2028 quam
1173 1965 1289 2011 levia
1321 1966 1440 2027 snt

142 2050 274 2097 quam
295 2035 510 2085 innoxia?
550 2040 690 2099 Quod
722 2038 922 2085 accidere
944 2038 1071 2084 vides
1103 2038 1148 2083 in
1181 2038 1441 2089 animalibus

143 2109 304 2168 mutis,
331 2110 449 2156 idem
474 2111 521 2156 in
542 2111 725 2159 homine
746 2110 1048 2174 deprehendes
1066 2127 1076 2156 :
1094 2109 1270 2159 frivolis
1288 2114 1438 2160 turba-

143 2200 270 2241 mur,
290 2198 335 2232 et
352 2186 570 2235 inanibus.

209 2257 366 2305 XXX.
387 2260 588 2308 Taurum
614 2261 743 2307 color
760 2259 1035 2307 rubicundus
1057 2260 1220 2306 excitat
1234 2296 1247 2318 ,
1268 2261 1323 2307 ad
1341 2278 1440 2308 um-

145 2327 270 2376 bram
294 2332 403 2394 aspis
422 2335 611 2399 exsurgit
625 2372 638 2391 ‚
656 2336 779 2382 ursos
798 2335 1038 2398 leonesque
1057 2350 1217 2396 mappa
1239 2336 1441 2397 proritat.

146 2401 316 2448 Omnia
336 2421 449 2466 quae
468 2419 618 2453 natura
638 2406 731 2454 fera
759 2425 809 2455 ac
833 2408 982 2454 rabida
1006 2407 1128 2464 sunt,
1156 2407 1439 2453 consternan-
1468 2435 1473 2437 -

144 2487 215 2525 tur
228 2478 284 2527 ad
302 2494 430 2529 vana.
446 2480 566 2529 Idem
584 2480 788 2546 inquietis
804 2494 850 2530 et
865 2480 1033 2530 stolidis
1053 2480 1239 2546 ingeniis
1257 2481 1437 2531 evenit:
