<?xml version="1.0" encoding="UTF-8"?>
<!DOCTYPE html PUBLIC "-//W3C//DTD XHTML 1.0 Transitional//EN"
    "http://www.w3.org/TR/xhtml1/DTD/xhtml1-transitional.dtd">
<html xmlns="http://www.w3.org/1999/xhtml" xml:lang="en" lang="en">
 <head>
  <title>
</title>
<meta http-equiv="Content-Type" content="text/html;charset=utf-8" />
  <meta name='ocr-system' content='tesseract 3.04.00' />
  <meta name='ocr-capabilities' content='ocr_page ocr_carea ocr_par ocr_line ocrx_word'/>
</head>
<body>
  <div class='ocr_page' id='page_1' title='image "./lannaeisenecaeph01seneuoft_0167.png"; bbox 0 0 1741 2919; ppageno 0'>
   <div class='ocr_carea' id='block_1_1' title="bbox 325 170 1431 222">
    <p class='ocr_par' dir='ltr' id='par_1_1' title="bbox 325 170 1431 222">
     <span class='ocr_line' id='line_1_1' title="bbox 325 170 1431 222; baseline -0.007 0"><span class='ocrx_word' id='word_1_1' title='bbox 325 172 845 222; x_wconf 88' lang='lat' dir='ltr'>CONSOLATIO</span> <span class='ocrx_word' id='word_1_2' title='bbox 882 170 985 217; x_wconf 91' lang='lat' dir='ltr'>AD</span> <span class='ocrx_word' id='word_1_3' title='bbox 1020 171 1235 216; x_wconf 85' lang='lat' dir='ltr'>HELV.</span> <span class='ocrx_word' id='word_1_4' title='bbox 1347 185 1431 214; x_wconf 84' lang='lat'>121</span> 
     </span>
    </p>
   </div>
   <div class='ocr_carea' id='block_1_2' title="bbox 94 276 1463 2471">
    <p class='ocr_par' dir='ltr' id='par_1_2' title="bbox 151 276 1439 345">
     <span class='ocr_line' id='line_1_2' title="bbox 151 276 1439 345; baseline -0.006 -16"><span class='ocrx_word' id='word_1_5' title='bbox 151 281 355 330; x_wconf 87' lang='lat' dir='ltr'>constant</span> <span class='ocrx_word' id='word_1_6' title='bbox 375 280 672 345; x_wconf 73' lang='lat' dir='ltr'>compositum</span> <span class='ocrx_word' id='word_1_7' title='bbox 697 279 930 326; x_wconf 71' lang='lat' dir='ltr'>seminibus</span> <span class='ocrx_word' id='word_1_8' title='bbox 948 312 962 335; x_wconf 86' lang='lat'><strong><em>‚</em></strong></span> <span class='ocrx_word' id='word_1_9' title='bbox 996 278 1176 325; x_wconf 81' lang='lat' dir='ltr'>moleste</span> <span class='ocrx_word' id='word_1_10' title='bbox 1206 276 1322 324; x_wconf 86' lang='lat' dir='ltr'>ferre</span> <span class='ocrx_word' id='word_1_11' title='bbox 1354 293 1439 339; x_wconf 88' lang='lat' dir='ltr'>pu-</span> 
     </span>
    </p>

    <p class='ocr_par' dir='ltr' id='par_1_3' title="bbox 94 348 1463 2471">
     <span class='ocr_line' id='line_1_3' title="bbox 153 348 1442 416; baseline -0.006 -15"><span class='ocrx_word' id='word_1_12' title='bbox 153 367 198 401; x_wconf 88' lang='lat' dir='ltr'>ta</span> <span class='ocrx_word' id='word_1_13' title='bbox 222 353 446 400; x_wconf 84' lang='lat' dir='ltr'>tranfitum</span> <span class='ocrx_word' id='word_1_14' title='bbox 473 371 521 399; x_wconf 86' lang='lat' dir='ltr'>ac</span> <span class='ocrx_word' id='word_1_15' title='bbox 552 352 860 416; x_wconf 80' lang='lat' dir='ltr'>migrationem</span> <span class='ocrx_word' id='word_1_16' title='bbox 882 370 893 397; x_wconf 71' lang='grc' dir='ltr'>ε</span> <span class='ocrx_word' id='word_1_17' title='bbox 920 368 1020 398; x_wconf 84' lang='lat' dir='ltr'>cum</span> <span class='ocrx_word' id='word_1_18' title='bbox 1051 351 1141 396; x_wconf 85' lang='lat' dir='ltr'>Dei</span> <span class='ocrx_word' id='word_1_19' title='bbox 1168 366 1349 404; x_wconf 87' lang='lat' dir='ltr'>natura,</span> <span class='ocrx_word' id='word_1_20' title='bbox 1377 348 1442 394; x_wconf 89' lang='lat' dir='ltr'>as-</span> 
     </span>
     <span class='ocr_line' id='line_1_4' title="bbox 94 422 1441 481; baseline -0.004 -7"><span class='ocrx_word' id='word_1_21' title='bbox 94 423 96 425; x_wconf 29' lang='lat'><em>*</em></span> <span class='ocrx_word' id='word_1_22' title='bbox 154 427 274 474; x_wconf 83' lang='lat' dir='ltr'>fidua</span> <span class='ocrx_word' id='word_1_23' title='bbox 295 439 338 474; x_wconf 85' lang='lat' dir='ltr'>et</span> <span class='ocrx_word' id='word_1_24' title='bbox 368 425 614 474; x_wconf 80' lang='lat' dir='ltr'>citatiffit&#39;na</span> <span class='ocrx_word' id='word_1_25' title='bbox 639 426 1024 481; x_wconf 82' lang='lat' dir='ltr'>commutatione,</span> <span class='ocrx_word' id='word_1_26' title='bbox 1056 425 1127 470; x_wconf 86' lang='lat' dir='ltr'>vel</span> <span class='ocrx_word' id='word_1_27' title='bbox 1157 424 1342 470; x_wconf 60' lang='lat' dir='ltr'>deleftet</span> <span class='ocrx_word' id='word_1_28' title='bbox 1375 422 1441 481; x_wconf 86' lang='lat' dir='ltr'>se,</span> 
     </span>
     <span class='ocr_line' id='line_1_5' title="bbox 153 489 1445 560; baseline -0.006 -12"><span class='ocrx_word' id='word_1_29' title='bbox 153 499 230 548; x_wconf 90' lang='lat' dir='ltr'>vel</span> <span class='ocrx_word' id='word_1_30' title='bbox 263 498 510 547; x_wconf 89' lang='lat' dir='ltr'>conservet.</span> <span class='ocrx_word' id='word_1_31' title='bbox 550 501 589 543; x_wconf 95' lang='lat' dir='ltr'><strong>A</strong></span> <span class='ocrx_word' id='word_1_32' title='bbox 620 489 912 554; x_wconf 80' lang='lat' dir='ltr'>coelestibus,</span> <span class='ocrx_word' id='word_1_33' title='bbox 943 498 1163 560; x_wconf 78' lang='lat' dir='ltr'>agedum,</span> <span class='ocrx_word' id='word_1_34' title='bbox 1194 512 1236 542; x_wconf 87' lang='lat' dir='ltr'>te</span> <span class='ocrx_word' id='word_1_35' title='bbox 1271 496 1326 541; x_wconf 91' lang='lat' dir='ltr'>ad</span> <span class='ocrx_word' id='word_1_36' title='bbox 1360 495 1445 540; x_wconf 88' lang='lat' dir='ltr'>hu-</span> 
     </span>
     <span class='ocr_line' id='line_1_6' title="bbox 155 567 1445 634; baseline -0.004 -15"><span class='ocrx_word' id='word_1_37' title='bbox 155 589 284 619; x_wconf 86' lang='lat' dir='ltr'>mana</span> <span class='ocrx_word' id='word_1_38' title='bbox 315 583 543 620; x_wconf 87' lang='lat' dir='ltr'>converte.</span> <span class='ocrx_word' id='word_1_39' title='bbox 567 570 743 618; x_wconf 85' lang='lat' dir='ltr'>videbis</span> <span class='ocrx_word' id='word_1_40' title='bbox 768 583 945 634; x_wconf 84' lang='lat' dir='ltr'>gentes,</span> <span class='ocrx_word' id='word_1_41' title='bbox 974 571 1257 634; x_wconf 74' lang='lat' dir='ltr'>populosque</span> <span class='ocrx_word' id='word_1_42' title='bbox 1290 567 1445 614; x_wconf 67' lang='lat' dir='ltr'>mutas·⁸</span> 
     </span>
     <span class='ocr_line' id='line_1_7' title="bbox 154 644 1444 705; baseline -0.005 -12"><span class='ocrx_word' id='word_1_43' title='bbox 154 645 197 693; x_wconf 82' lang='lat' dir='ltr'>se</span> <span class='ocrx_word' id='word_1_44' title='bbox 225 645 384 692; x_wconf 88' lang='lat' dir='ltr'>sedem.</span> <span class='ocrx_word' id='word_1_45' title='bbox 421 644 547 705; x_wconf 82' lang='lat' dir='ltr'>Quid</span> <span class='ocrx_word' id='word_1_46' title='bbox 580 644 657 691; x_wconf 85' lang='lat' dir='ltr'>fibi</span> <span class='ocrx_word' id='word_1_47' title='bbox 686 645 845 691; x_wconf 88' lang='lat' dir='ltr'>volunt</span> <span class='ocrx_word' id='word_1_48' title='bbox 881 645 927 690; x_wconf 90' lang='lat' dir='ltr'>in</span> <span class='ocrx_word' id='word_1_49' title='bbox 958 644 1116 691; x_wconf 84' lang='lat' dir='ltr'>mediis</span> <span class='ocrx_word' id='word_1_50' title='bbox 1148 644 1444 688; x_wconf 84' lang='lat' dir='ltr'>Barbarorum</span> 
     </span>
     <span class='ocr_line' id='line_1_8' title="bbox 156 717 1448 783; baseline -0.004 -17"><span class='ocrx_word' id='word_1_51' title='bbox 156 717 414 782; x_wconf 84' lang='lat' dir='ltr'>regionibus</span> <span class='ocrx_word' id='word_1_52' title='bbox 437 720 635 765; x_wconf 78' lang='lat' dir='ltr'>Graecae</span> <span class='ocrx_word' id='word_1_53' title='bbox 662 718 827 766; x_wconf 83' lang='lat' dir='ltr'>urbes?</span> <span class='ocrx_word' id='word_1_54' title='bbox 854 718 962 783; x_wconf 85' lang='lat' dir='ltr'>quid</span> <span class='ocrx_word' id='word_1_55' title='bbox 984 719 1097 766; x_wconf 87' lang='lat' dir='ltr'>inter</span> <span class='ocrx_word' id='word_1_56' title='bbox 1119 718 1253 763; x_wconf 78' lang='lat' dir='ltr'>Indos</span> <span class='ocrx_word' id='word_1_57' title='bbox 1279 717 1448 781; x_wconf 73' lang='lat' dir='ltr'>Persas·</span> 
     </span>
     <span class='ocr_line' id='line_1_9' title="bbox 156 788 1448 858; baseline -0.003 -19"><span class='ocrx_word' id='word_1_58' title='bbox 156 811 243 857; x_wconf 90' lang='lat' dir='ltr'>que</span> <span class='ocrx_word' id='word_1_59' title='bbox 278 793 595 840; x_wconf 84' lang='lat' dir='ltr'>Macedonicus</span> <span class='ocrx_word' id='word_1_60' title='bbox 616 792 761 840; x_wconf 88' lang='lat' dir='ltr'>sermo</span> <span class='ocrx_word' id='word_1_61' title='bbox 782 793 800 840; x_wconf 83' lang='lat'>?</span> <span class='ocrx_word' id='word_1_62' title='bbox 834 793 1017 858; x_wconf 82' lang='lat' dir='ltr'>Scythia</span> <span class='ocrx_word' id='word_1_63' title='bbox 1035 829 1049 851; x_wconf 91' lang='lat'>‚</span> <span class='ocrx_word' id='word_1_64' title='bbox 1069 805 1114 838; x_wconf 89' lang='lat' dir='ltr'>et</span> <span class='ocrx_word' id='word_1_65' title='bbox 1132 803 1258 838; x_wconf 77' lang='lat' dir='ltr'>totus</span> <span class='ocrx_word' id='word_1_66' title='bbox 1277 790 1346 836; x_wconf 90' lang='lat' dir='ltr'>ille</span> <span class='ocrx_word' id='word_1_67' title='bbox 1377 788 1448 835; x_wconf 79' lang='lat' dir='ltr'>fe-</span> 
     </span>
     <span class='ocr_line' id='line_1_10' title="bbox 156 863 1448 930; baseline -0.003 -18"><span class='ocrx_word' id='word_1_68' title='bbox 156 883 305 912; x_wconf 81' lang='lat' dir='ltr'>rarum</span> <span class='ocrx_word' id='word_1_69' title='bbox 339 867 748 930; x_wconf 82' lang='lat' dir='ltr'>indomitarumque</span> <span class='ocrx_word' id='word_1_70' title='bbox 782 867 980 930; x_wconf 77' lang='lat' dir='ltr'>gentium</span> <span class='ocrx_word' id='word_1_71' title='bbox 1015 866 1174 913; x_wconf 56' lang='lat' dir='ltr'>traditis</span> <span class='ocrx_word' id='word_1_72' title='bbox 1195 900 1209 922; x_wconf 85' lang='lat'>‚</span> <span class='ocrx_word' id='word_1_73' title='bbox 1244 863 1448 911; x_wconf 84' lang='lat' dir='ltr'>civitates</span> 
     </span>
     <span class='ocr_line' id='line_1_11' title="bbox 158 937 1451 1002; baseline -0.003 -17"><span class='ocrx_word' id='word_1_74' title='bbox 158 939 351 985; x_wconf 77' lang='lat' dir='ltr'>Achaiae</span> <span class='ocrx_word' id='word_1_75' title='bbox 389 939 585 986; x_wconf 87' lang='lat' dir='ltr'>Ponticis</span> <span class='ocrx_word' id='word_1_76' title='bbox 619 939 822 1002; x_wconf 86' lang='lat' dir='ltr'>impofita</span> <span class='ocrx_word' id='word_1_77' title='bbox 855 940 1059 987; x_wconf 86' lang='lat' dir='ltr'>litoribus</span> <span class='ocrx_word' id='word_1_78' title='bbox 1091 938 1295 985; x_wconf 84' lang='lat' dir='ltr'>ostentat.</span> <span class='ocrx_word' id='word_1_79' title='bbox 1341 937 1451 982; x_wconf 89' lang='lat' dir='ltr'>Non</span> 
     </span>
     <span class='ocr_line' id='line_1_12' title="bbox 161 1010 1453 1075; baseline -0.002 -18"><span class='ocrx_word' id='word_1_80' title='bbox 161 1023 398 1075; x_wconf 86' lang='lat' dir='ltr'>perpetuae</span> <span class='ocrx_word' id='word_1_81' title='bbox 428 1011 587 1058; x_wconf 89' lang='lat' dir='ltr'>hiemis</span> <span class='ocrx_word' id='word_1_82' title='bbox 619 1011 826 1069; x_wconf 86' lang='lat' dir='ltr'>saevitia,</span> <span class='ocrx_word' id='word_1_83' title='bbox 851 1030 947 1060; x_wconf 87' lang='lat' dir='ltr'>non</span> <span class='ocrx_word' id='word_1_84' title='bbox 978 1013 1213 1060; x_wconf 87' lang='lat' dir='ltr'>hominum</span> <span class='ocrx_word' id='word_1_85' title='bbox 1247 1010 1419 1074; x_wconf 81' lang='lat' dir='ltr'>ingenia</span> <span class='ocrx_word' id='word_1_86' title='bbox 1437 1046 1453 1069; x_wconf 86' lang='lat'>‚</span> 
     </span>
     <span class='ocr_line' id='line_1_13' title="bbox 161 1084 1454 1145; baseline 0 -14"><span class='ocrx_word' id='word_1_87' title='bbox 161 1085 218 1131; x_wconf 90' lang='lat' dir='ltr'>ad</span> <span class='ocrx_word' id='word_1_88' title='bbox 239 1084 568 1132; x_wconf 73' lang='lat' dir='ltr'>similitudinem</span> <span class='ocrx_word' id='word_1_89' title='bbox 590 1086 706 1133; x_wconf 86' lang='lat' dir='ltr'>coeli</span> <span class='ocrx_word' id='word_1_90' title='bbox 725 1086 790 1133; x_wconf 91' lang='lat' dir='ltr'>sui</span> <span class='ocrx_word' id='word_1_91' title='bbox 814 1087 1037 1134; x_wconf 84' lang='lat' dir='ltr'>horrentia</span> <span class='ocrx_word' id='word_1_92' title='bbox 1053 1123 1066 1144; x_wconf 88' lang='lat'>‚</span> <span class='ocrx_word' id='word_1_93' title='bbox 1086 1084 1454 1145; x_wconf 37' lang='lat' dir='ltr'>,transferentibus</span> 
     </span>
     <span class='ocr_line' id='line_1_14' title="bbox 162 1155 1453 1205; baseline 0.001 -5"><span class='ocrx_word' id='word_1_94' title='bbox 162 1156 324 1202; x_wconf 87' lang='lat' dir='ltr'>domus</span> <span class='ocrx_word' id='word_1_95' title='bbox 340 1157 433 1202; x_wconf 87' lang='lat' dir='ltr'>suas</span> <span class='ocrx_word' id='word_1_96' title='bbox 451 1156 725 1204; x_wconf 78' lang='lat' dir='ltr'>obstiterunt.</span> <span class='ocrx_word' id='word_1_97' title='bbox 748 1158 1019 1205; x_wconf 83' lang='lat' dir='ltr'>Athenienfis</span> <span class='ocrx_word' id='word_1_98' title='bbox 1037 1158 1084 1204; x_wconf 91' lang='lat' dir='ltr'>in</span> <span class='ocrx_word' id='word_1_99' title='bbox 1102 1157 1201 1203; x_wconf 78' lang='lat' dir='ltr'>Afia</span> <span class='ocrx_word' id='word_1_100' title='bbox 1221 1157 1348 1203; x_wconf 87' lang='lat' dir='ltr'>turba</span> <span class='ocrx_word' id='word_1_101' title='bbox 1365 1155 1453 1202; x_wconf 82' lang='lat' dir='ltr'>est:</span> 
     </span>
     <span class='ocr_line' id='line_1_15' title="bbox 162 1228 1455 1294; baseline -0.003 -16"><span class='ocrx_word' id='word_1_102' title='bbox 162 1231 343 1278; x_wconf 85' lang='lat' dir='ltr'>Miletus</span> <span class='ocrx_word' id='word_1_103' title='bbox 365 1244 491 1278; x_wconf 84' lang='lat' dir='ltr'>Lxxv</span> <span class='ocrx_word' id='word_1_104' title='bbox 525 1232 706 1278; x_wconf 87' lang='lat' dir='ltr'>urbium</span> <span class='ocrx_word' id='word_1_105' title='bbox 735 1233 950 1294; x_wconf 79' lang='lat' dir='ltr'>populum</span> <span class='ocrx_word' id='word_1_106' title='bbox 978 1234 1024 1278; x_wconf 87' lang='lat' dir='ltr'>in</span> <span class='ocrx_word' id='word_1_107' title='bbox 1053 1231 1224 1278; x_wconf 86' lang='lat' dir='ltr'>diversa</span> <span class='ocrx_word' id='word_1_108' title='bbox 1254 1228 1412 1278; x_wconf 84' lang='lat' dir='ltr'>effudit</span> <span class='ocrx_word' id='word_1_109' title='bbox 1443 1245 1455 1275; x_wconf 78' lang='lat' dir='ltr'>z</span> 
     </span>
     <span class='ocr_line' id='line_1_16' title="bbox 161 1303 1456 1367; baseline -0.003 -17"><span class='ocrx_word' id='word_1_110' title='bbox 161 1316 307 1350; x_wconf 81' lang='lat' dir='ltr'>totum</span> <span class='ocrx_word' id='word_1_111' title='bbox 334 1303 481 1352; x_wconf 83' lang='lat' dir='ltr'>Italiae</span> <span class='ocrx_word' id='word_1_112' title='bbox 515 1305 649 1360; x_wconf 87' lang='lat' dir='ltr'>latus,</span> <span class='ocrx_word' id='word_1_113' title='bbox 679 1306 804 1367; x_wconf 88' lang='lat' dir='ltr'>quod</span> <span class='ocrx_word' id='word_1_114' title='bbox 831 1304 976 1351; x_wconf 83' lang='lat' dir='ltr'>infero</span> <span class='ocrx_word' id='word_1_115' title='bbox 1003 1305 1115 1350; x_wconf 87' lang='lat' dir='ltr'>mari</span> <span class='ocrx_word' id='word_1_116' title='bbox 1145 1303 1340 1357; x_wconf 75' lang='lat' dir='ltr'>alluitur,</span> <span class='ocrx_word' id='word_1_117' title='bbox 1364 1318 1456 1347; x_wconf 86' lang='lat' dir='ltr'>ma-</span> 
     </span>
     <span class='ocr_line' id='line_1_17' title="bbox 164 1373 1457 1438; baseline -0.002 -16"><span class='ocrx_word' id='word_1_118' title='bbox 164 1375 236 1422; x_wconf 84' lang='lat' dir='ltr'>ior</span> <span class='ocrx_word' id='word_1_119' title='bbox 264 1376 449 1424; x_wconf 82' lang='lat' dir='ltr'>Graecia</span> <span class='ocrx_word' id='word_1_120' title='bbox 476 1377 575 1427; x_wconf 81' lang='lat' dir='ltr'>fuit.</span> <span class='ocrx_word' id='word_1_121' title='bbox 619 1378 792 1426; x_wconf 81' lang='lat' dir='ltr'>Tuscos</span> <span class='ocrx_word' id='word_1_122' title='bbox 822 1378 920 1425; x_wconf 79' lang='lat' dir='ltr'>Asia</span> <span class='ocrx_word' id='word_1_123' title='bbox 950 1379 1029 1424; x_wconf 84' lang='lat' dir='ltr'>fibi</span> <span class='ocrx_word' id='word_1_124' title='bbox 1060 1377 1289 1425; x_wconf 87' lang='lat' dir='ltr'>vindicat:</span> <span class='ocrx_word' id='word_1_125' title='bbox 1323 1373 1457 1438; x_wconf 75' lang='lat' dir='ltr'>Tyrii</span> 
     </span>
     <span class='ocr_line' id='line_1_18' title="bbox 161 1448 1457 1514; baseline -0.002 -19"><span class='ocrx_word' id='word_1_126' title='bbox 161 1448 363 1497; x_wconf 86' lang='lat' dir='ltr'>Africam</span> <span class='ocrx_word' id='word_1_127' title='bbox 398 1451 632 1498; x_wconf 86' lang='lat' dir='ltr'>incolunt:</span> <span class='ocrx_word' id='word_1_128' title='bbox 672 1451 925 1514; x_wconf 82' lang='lat' dir='ltr'>Hispaniam</span> <span class='ocrx_word' id='word_1_129' title='bbox 954 1451 1124 1498; x_wconf 88' lang='lat' dir='ltr'>Poeni:</span> <span class='ocrx_word' id='word_1_130' title='bbox 1148 1449 1310 1497; x_wconf 83' lang='lat' dir='ltr'>Graeci</span> <span class='ocrx_word' id='word_1_131' title='bbox 1340 1448 1383 1494; x_wconf 83' lang='lat' dir='ltr'>se</span> <span class='ocrx_word' id='word_1_132' title='bbox 1409 1448 1457 1493; x_wconf 84' lang='lat' dir='ltr'>in</span> 
     </span>
     <span class='ocr_line' id='line_1_19' title="bbox 164 1523 1458 1588; baseline -0.003 -18"><span class='ocrx_word' id='word_1_133' title='bbox 164 1523 353 1571; x_wconf 84' lang='lat' dir='ltr'>Galliam</span> <span class='ocrx_word' id='word_1_134' title='bbox 375 1525 678 1584; x_wconf 84' lang='lat' dir='ltr'>immiserunt,</span> <span class='ocrx_word' id='word_1_135' title='bbox 702 1526 747 1571; x_wconf 87' lang='lat' dir='ltr'>in</span> <span class='ocrx_word' id='word_1_136' title='bbox 775 1525 1011 1572; x_wconf 80' lang='lat' dir='ltr'>Graeciam</span> <span class='ocrx_word' id='word_1_137' title='bbox 1033 1524 1151 1570; x_wconf 84' lang='lat' dir='ltr'>Galli</span> <span class='ocrx_word' id='word_1_138' title='bbox 1171 1544 1180 1568; x_wconf 82' lang='lat'>2</span> <span class='ocrx_word' id='word_1_139' title='bbox 1203 1525 1458 1588; x_wconf 83' lang='lat' dir='ltr'>Pyrenaeus</span> 
     </span>
     <span class='ocr_line' id='line_1_20' title="bbox 167 1590 1459 1659; baseline -0.003 -15"><span class='ocrx_word' id='word_1_140' title='bbox 167 1598 498 1647; x_wconf 88' lang='lat' dir='ltr'>Germanorum</span> <span class='ocrx_word' id='word_1_141' title='bbox 524 1598 725 1646; x_wconf 87' lang='lat' dir='ltr'>tranfitus</span> <span class='ocrx_word' id='word_1_142' title='bbox 756 1615 849 1644; x_wconf 93' lang='lat' dir='ltr'>non</span> <span class='ocrx_word' id='word_1_143' title='bbox 872 1597 1061 1644; x_wconf 85' lang='lat' dir='ltr'>inhibuit</span> <span class='ocrx_word' id='word_1_144' title='bbox 1083 1616 1092 1642; x_wconf 90' lang='grc'>;</span> <span class='ocrx_word' id='word_1_145' title='bbox 1114 1613 1192 1659; x_wconf 89' lang='lat' dir='ltr'>per</span> <span class='ocrx_word' id='word_1_146' title='bbox 1213 1590 1359 1653; x_wconf 87' lang='lat' dir='ltr'>invia,</span> <span class='ocrx_word' id='word_1_147' title='bbox 1379 1611 1459 1657; x_wconf 86' lang='lat' dir='ltr'>per</span> 
     </span>
     <span class='ocr_line' id='line_1_21' title="bbox 165 1666 1459 1735; baseline -0.004 -17"><span class='ocrx_word' id='word_1_148' title='bbox 165 1671 392 1735; x_wconf 84' lang='lat' dir='ltr'>incognita</span> <span class='ocrx_word' id='word_1_149' title='bbox 414 1672 610 1720; x_wconf 86' lang='lat' dir='ltr'>versavit</span> <span class='ocrx_word' id='word_1_150' title='bbox 632 1671 674 1718; x_wconf 90' lang='lat' dir='ltr'>se</span> <span class='ocrx_word' id='word_1_151' title='bbox 697 1671 888 1718; x_wconf 85' lang='lat' dir='ltr'>humana</span> <span class='ocrx_word' id='word_1_152' title='bbox 915 1666 1082 1718; x_wconf 83' lang='lat' dir='ltr'>levitas.</span> <span class='ocrx_word' id='word_1_153' title='bbox 1113 1671 1322 1725; x_wconf 81' lang='lat' dir='ltr'>Liberos,</span> <span class='ocrx_word' id='word_1_154' title='bbox 1351 1685 1459 1715; x_wconf 90' lang='lat' dir='ltr'>con-</span> 
     </span>
     <span class='ocr_line' id='line_1_22' title="bbox 167 1739 1457 1807; baseline -0.004 -16"><span class='ocrx_word' id='word_1_155' title='bbox 167 1744 411 1807; x_wconf 85' lang='lat' dir='ltr'>iugesque,</span> <span class='ocrx_word' id='word_1_156' title='bbox 441 1761 486 1792; x_wconf 87' lang='lat' dir='ltr'>et</span> <span class='ocrx_word' id='word_1_157' title='bbox 516 1760 670 1807; x_wconf 86' lang='lat' dir='ltr'>graves</span> <span class='ocrx_word' id='word_1_158' title='bbox 699 1743 823 1791; x_wconf 84' lang='lat' dir='ltr'>senio</span> <span class='ocrx_word' id='word_1_159' title='bbox 854 1760 1057 1806; x_wconf 85' lang='lat' dir='ltr'>parentes</span> <span class='ocrx_word' id='word_1_160' title='bbox 1088 1754 1329 1789; x_wconf 81' lang='lat' dir='ltr'>traxerunt.</span> <span class='ocrx_word' id='word_1_161' title='bbox 1371 1739 1457 1787; x_wconf 84' lang='lat' dir='ltr'>Alii</span> 
     </span>
     <span class='ocr_line' id='line_1_23' title="bbox 168 1814 1458 1881; baseline -0.003 -17"><span class='ocrx_word' id='word_1_162' title='bbox 168 1817 308 1881; x_wconf 82' lang='lat' dir='ltr'>longo</span> <span class='ocrx_word' id='word_1_163' title='bbox 322 1834 476 1866; x_wconf 89' lang='lat' dir='ltr'>errore</span> <span class='ocrx_word' id='word_1_164' title='bbox 492 1818 657 1877; x_wconf 61' lang='lat' dir='ltr'>iaetati,</span> <span class='ocrx_word' id='word_1_165' title='bbox 673 1835 766 1866; x_wconf 91' lang='lat' dir='ltr'>non</span> <span class='ocrx_word' id='word_1_166' title='bbox 780 1818 948 1866; x_wconf 86' lang='lat' dir='ltr'>iudicio</span> <span class='ocrx_word' id='word_1_167' title='bbox 962 1818 1186 1881; x_wconf 84' lang='lat' dir='ltr'>elegerunt</span> <span class='ocrx_word' id='word_1_168' title='bbox 1200 1818 1367 1873; x_wconf 76' lang='lat' dir='ltr'>locum,</span> <span class='ocrx_word' id='word_1_169' title='bbox 1385 1814 1458 1861; x_wconf 88' lang='lat' dir='ltr'>sed</span> 
     </span>
     <span class='ocr_line' id='line_1_24' title="bbox 169 1890 1457 1955; baseline -0.002 -16"><span class='ocrx_word' id='word_1_170' title='bbox 169 1891 414 1940; x_wconf 84' lang='lat' dir='ltr'>laffitudine</span> <span class='ocrx_word' id='word_1_171' title='bbox 438 1892 696 1955; x_wconf 82' lang='lat' dir='ltr'>proximum</span> <span class='ocrx_word' id='word_1_172' title='bbox 725 1907 1093 1955; x_wconf 83' lang='lat' dir='ltr'>occupaverunt:</span> <span class='ocrx_word' id='word_1_173' title='bbox 1124 1890 1195 1937; x_wconf 84' lang='lat' dir='ltr'>alii</span> <span class='ocrx_word' id='word_1_174' title='bbox 1219 1890 1353 1937; x_wconf 83' lang='lat' dir='ltr'>armis</span> <span class='ocrx_word' id='word_1_175' title='bbox 1379 1890 1457 1937; x_wconf 83' lang='lat' dir='ltr'>fibi</span> 
     </span>
     <span class='ocr_line' id='line_1_25' title="bbox 169 1966 1460 2030; baseline -0.002 -16"><span class='ocrx_word' id='word_1_176' title='bbox 169 1967 242 2014; x_wconf 84' lang='lat' dir='ltr'>ius</span> <span class='ocrx_word' id='word_1_177' title='bbox 266 1967 313 2013; x_wconf 90' lang='lat' dir='ltr'>in</span> <span class='ocrx_word' id='word_1_178' title='bbox 341 1967 481 2014; x_wconf 87' lang='lat' dir='ltr'>aliena</span> <span class='ocrx_word' id='word_1_179' title='bbox 505 1980 620 2014; x_wconf 86' lang='lat' dir='ltr'>terra</span> <span class='ocrx_word' id='word_1_180' title='bbox 648 1967 882 2023; x_wconf 72' lang='lat' dir='ltr'>fecerunt3</span> <span class='ocrx_word' id='word_1_181' title='bbox 905 1966 1116 2030; x_wconf 83' lang='lat' dir='ltr'>quasdam</span> <span class='ocrx_word' id='word_1_182' title='bbox 1151 1979 1325 2030; x_wconf 80' lang='lat' dir='ltr'>gentes,</span> <span class='ocrx_word' id='word_1_183' title='bbox 1353 1982 1460 2012; x_wconf 84' lang='lat' dir='ltr'>cum</span> 
     </span>
     <span class='ocr_line' id='line_1_26' title="bbox 169 2038 1459 2103; baseline -0.004 -14"><span class='ocrx_word' id='word_1_184' title='bbox 169 2038 322 2102; x_wconf 77' lang='lat' dir='ltr'>ignota</span> <span class='ocrx_word' id='word_1_185' title='bbox 349 2052 572 2102; x_wconf 85' lang='lat' dir='ltr'>peterent,</span> <span class='ocrx_word' id='word_1_186' title='bbox 599 2058 719 2087; x_wconf 88' lang='lat' dir='ltr'>mare</span> <span class='ocrx_word' id='word_1_187' title='bbox 746 2039 905 2099; x_wconf 81' lang='lat' dir='ltr'>hausit,</span> <span class='ocrx_word' id='word_1_188' title='bbox 928 2040 1145 2103; x_wconf 83' lang='lat' dir='ltr'>quaedam</span> <span class='ocrx_word' id='word_1_189' title='bbox 1168 2039 1229 2086; x_wconf 86' lang='lat' dir='ltr'>ibi</span> <span class='ocrx_word' id='word_1_190' title='bbox 1248 2038 1459 2087; x_wconf 87' lang='lat' dir='ltr'>consede-</span> 
     </span>
     <span class='ocr_line' id='line_1_27' title="bbox 170 2113 1460 2178; baseline 0 -20"><span class='ocrx_word' id='word_1_191' title='bbox 170 2128 302 2171; x_wconf 85' lang='lat' dir='ltr'>runt,</span> <span class='ocrx_word' id='word_1_192' title='bbox 322 2113 398 2160; x_wconf 91' lang='lat' dir='ltr'>ubi</span> <span class='ocrx_word' id='word_1_193' title='bbox 420 2113 514 2160; x_wconf 82' lang='lat' dir='ltr'>illas</span> <span class='ocrx_word' id='word_1_194' title='bbox 531 2130 681 2160; x_wconf 83' lang='lat' dir='ltr'>rerum</span> <span class='ocrx_word' id='word_1_195' title='bbox 703 2114 856 2177; x_wconf 85' lang='lat' dir='ltr'>inopia</span> <span class='ocrx_word' id='word_1_196' title='bbox 880 2114 1097 2178; x_wconf 79' lang='lat' dir='ltr'>deposuit.</span> <span class='ocrx_word' id='word_1_197' title='bbox 1124 2116 1220 2161; x_wconf 84' lang='lat' dir='ltr'>Nec</span> <span class='ocrx_word' id='word_1_198' title='bbox 1248 2115 1460 2160; x_wconf 87' lang='lat' dir='ltr'>omnibus</span> 
     </span>
     <span class='ocr_line' id='line_1_28' title="bbox 171 2185 1460 2250; baseline 0.002 -19"><span class='ocrx_word' id='word_1_199' title='bbox 171 2186 326 2232; x_wconf 87' lang='lat' dir='ltr'>eadem</span> <span class='ocrx_word' id='word_1_200' title='bbox 349 2186 474 2233; x_wconf 86' lang='lat' dir='ltr'>causa</span> <span class='ocrx_word' id='word_1_201' title='bbox 498 2186 774 2250; x_wconf 83' lang='lat' dir='ltr'>relinquendi</span> <span class='ocrx_word' id='word_1_202' title='bbox 795 2188 1124 2250; x_wconf 83' lang='lat' dir='ltr'>quaerendique</span> <span class='ocrx_word' id='word_1_203' title='bbox 1149 2188 1335 2250; x_wconf 84' lang='lat' dir='ltr'>patriam</span> <span class='ocrx_word' id='word_1_204' title='bbox 1362 2185 1460 2233; x_wconf 88' lang='lat' dir='ltr'>fuit.</span> 
     </span>
     <span class='ocr_line' id='line_1_29' title="bbox 173 2253 1463 2325; baseline 0.001 -19"><span class='ocrx_word' id='word_1_205' title='bbox 173 2259 298 2307; x_wconf 83' lang='lat' dir='ltr'>Alios</span> <span class='ocrx_word' id='word_1_206' title='bbox 317 2260 486 2308; x_wconf 83' lang='lat' dir='ltr'>excidia</span> <span class='ocrx_word' id='word_1_207' title='bbox 514 2253 700 2308; x_wconf 36' lang='lat' dir='ltr'>urbium*</span> <span class='ocrx_word' id='word_1_208' title='bbox 715 2262 912 2321; x_wconf 84' lang='lat' dir='ltr'>suarum,</span> <span class='ocrx_word' id='word_1_209' title='bbox 938 2262 1167 2309; x_wconf 78' lang='lat' dir='ltr'>hostilibus</span> <span class='ocrx_word' id='word_1_210' title='bbox 1191 2262 1322 2308; x_wconf 84' lang='lat' dir='ltr'>armis</span> <span class='ocrx_word' id='word_1_211' title='bbox 1352 2262 1463 2325; x_wconf 85' lang='lat' dir='ltr'>elap-</span> 
     </span>
     <span class='ocr_line' id='line_1_30' title="bbox 172 2333 1456 2398; baseline 0 -17"><span class='ocrx_word' id='word_1_212' title='bbox 172 2334 244 2381; x_wconf 78' lang='lat' dir='ltr'>sos</span> <span class='ocrx_word' id='word_1_213' title='bbox 259 2365 273 2388; x_wconf 94' lang='lat'>‚</span> <span class='ocrx_word' id='word_1_214' title='bbox 296 2333 343 2379; x_wconf 88' lang='lat' dir='ltr'>in</span> <span class='ocrx_word' id='word_1_215' title='bbox 364 2334 531 2390; x_wconf 88' lang='lat' dir='ltr'>aliena,</span> <span class='ocrx_word' id='word_1_216' title='bbox 557 2334 767 2397; x_wconf 86' lang='lat' dir='ltr'>spoliatos</span> <span class='ocrx_word' id='word_1_217' title='bbox 792 2336 901 2393; x_wconf 84' lang='lat' dir='ltr'>suis,</span> <span class='ocrx_word' id='word_1_218' title='bbox 920 2336 1210 2398; x_wconf 81' lang='lat' dir='ltr'>expulerunt:</span> <span class='ocrx_word' id='word_1_219' title='bbox 1238 2336 1347 2383; x_wconf 87' lang='lat' dir='ltr'>alios</span> <span class='ocrx_word' id='word_1_220' title='bbox 1375 2336 1456 2382; x_wconf 85' lang='lat' dir='ltr'>clo-</span> 
     </span>
     <span class='ocr_line' id='line_1_31' title="bbox 173 2406 1457 2471; baseline 0.001 -19"><span class='ocrx_word' id='word_1_221' title='bbox 173 2406 351 2454; x_wconf 85' lang='lat' dir='ltr'>mestica</span> <span class='ocrx_word' id='word_1_222' title='bbox 377 2407 530 2454; x_wconf 87' lang='lat' dir='ltr'>seditio</span> <span class='ocrx_word' id='word_1_223' title='bbox 560 2408 785 2455; x_wconf 83' lang='lat' dir='ltr'>submovit</span> <span class='ocrx_word' id='word_1_224' title='bbox 807 2426 818 2454; x_wconf 93' lang='lat'><strong>:</strong></span> <span class='ocrx_word' id='word_1_225' title='bbox 845 2409 952 2454; x_wconf 77' lang='lat' dir='ltr'>alios</span> <span class='ocrx_word' id='word_1_226' title='bbox 986 2408 1121 2453; x_wconf 82' lang='lat' dir='ltr'>nimia</span> <span class='ocrx_word' id='word_1_227' title='bbox 1147 2407 1457 2471; x_wconf 78' lang='lat' dir='ltr'>superfluentis</span> 
     </span>
    </p>
   </div>
   <div class='ocr_carea' id='block_1_3' title="bbox 170 2479 1458 2545">
    <p class='ocr_par' dir='ltr' id='par_1_4' title="bbox 170 2479 1458 2545">
     <span class='ocr_line' id='line_1_32' title="bbox 170 2479 1458 2545; baseline 0 -18"><span class='ocrx_word' id='word_1_228' title='bbox 170 2480 329 2544; x_wconf 80' lang='lat' dir='ltr'>populi</span> <span class='ocrx_word' id='word_1_229' title='bbox 360 2479 630 2545; x_wconf 83' lang='lat' dir='ltr'>frequentia,</span> <span class='ocrx_word' id='word_1_230' title='bbox 664 2482 719 2530; x_wconf 84' lang='lat' dir='ltr'>ad</span> <span class='ocrx_word' id='word_1_231' title='bbox 752 2482 1055 2531; x_wconf 75' lang='lat' dir='ltr'>exonerandas</span> <span class='ocrx_word' id='word_1_232' title='bbox 1092 2482 1211 2532; x_wconf 85' lang='lat' dir='ltr'>vires</span> <span class='ocrx_word' id='word_1_233' title='bbox 1230 2517 1245 2541; x_wconf 84' lang='lat'>‚</span> <span class='ocrx_word' id='word_1_234' title='bbox 1277 2481 1417 2530; x_wconf 67' lang='lat' dir='ltr'>emisit</span> <span class='ocrx_word' id='word_1_235' title='bbox 1445 2497 1458 2527; x_wconf 85' lang='lat'>:</span> 
     </span>
    </p>
   </div>
  </div>
 </body>
</html>
