1741 2919
510 205 612 253 DE
658 205 792 251 IRA
838 202 1056 255 L113.1.
1347 214 1403 263 25

127 324 262 362 terata
279 310 499 361 calliditas.
520 312 640 359 Idem
660 311 861 358 defletum
881 310 924 356 in
945 311 1119 371 dnobus
1138 324 1230 355 non
1247 307 1413 354 eodem

127 387 246 434 malo
268 387 453 443 afficiet,
486 386 517 432 fi
537 386 642 432 alter
658 400 736 447 per
755 383 1060 448 negligentiam
1081 381 1277 441 admisit,
1306 382 1414 428 alter

127 459 302 508 curavit
325 475 372 506 ut
396 474 562 506 nocens
597 457 717 504 effer.
754 458 856 503 Hoc
882 456 1052 519 semper
1089 455 1133 500 in
1161 455 1287 501 omni
1314 454 1415 500 ani-

128 531 433 580 madverfione
451 529 666 588 servabit,
683 544 733 577 ut
754 529 884 587 sciat,
914 528 1094 576 alteram
1114 527 1309 575 adbiberi
1325 562 1338 585 ,
1365 541 1417 574 ut

128 605 334 652 emendet
357 605 497 651 malos
523 622 534 650 z
564 604 766 659 alteram,
796 617 843 650 ut
864 603 1001 650 tollat.
1032 604 1081 648 In
1106 616 1294 665 utroque
1323 619 1417 648 non

127 678 357 741 praeterita
370 714 384 735 ‚
419 678 493 725 sed
512 677 658 725 futura
685 677 937 724 intuebitur.
957 678 1071 723 Nam
1088 709 1101 731 ,
1122 688 1169 722 ut
1190 676 1314 722 Plato
1335 675 1421 733 ait,

128 755 280 800 Nemo
300 753 490 815 prudens
507 751 656 815 punit,
676 751 776 815 quia
795 762 1025 813 peccatum
1046 748 1107 795 est
1123 785 1135 806 ,
1153 748 1224 795 sed
1243 766 1296 795 ne
1315 764 1419 811 pec-

128 838 266 874 cetur.
286 827 508 875 Revocari
527 828 646 874 enim
673 826 904 890 praeterita
932 841 1024 870 non
1044 822 1221 887 poffunt
1244 841 1254 869 ε
1276 823 1420 869 futura

128 899 438 964 prohibentur.
464 916 508 949 et
538 918 650 965 quos
679 901 803 948 volet
832 898 1050 962 nequitiae
1083 896 1196 944 male
1225 895 1421 944 cedentis

129 974 329 1038 exempla
349 972 469 1032 fieri,
489 975 630 1037 palam
652 972 851 1020 occidet:
875 989 964 1018 non
986 982 1154 1018 tantum
1174 986 1220 1016 ut
1239 984 1422 1032 pereant

130 1046 237 1111 ipss‚
253 1048 329 1095 sed
349 1061 398 1094 ut
423 1047 533 1094 alios
556 1048 785 1110 pereundo
813 1047 1072 1092 deterreant.
1097 1045 1219 1091 Haec
1246 1043 1316 1090 cui
1341 1060 1423 1090 ex-

131 1120 387 1183 pendenda,
413 1119 765 1182 aestimandaque
799 1118 915 1174 sunt;
952 1118 1074 1165 vides
1103 1132 1234 1180 quam
1266 1116 1423 1162 debeat

131 1193 256 1240 omni
277 1192 605 1255 perturbatione
622 1192 734 1239 liber
753 1191 961 1238 accedere
982 1191 1036 1237 ad
1057 1205 1150 1235 rem
1166 1188 1331 1235 summa
1350 1188 1423 1235 di-

133 1265 316 1328 ligentia
333 1266 600 1311 tra&andam
616 1301 630 1323 ‚
649 1264 906 1328 potestatem
930 1265 1047 1311 vitae
1065 1263 1284 1326 necisque.
1306 1262 1422 1309 Male

132 1337 248 1384 irato
277 1336 440 1384 ferrum
463 1337 769 1385 committitur.
798 1337 868 1384 Ne
893 1336 1000 1382 illud
1020 1335 1199 1398 quidem
1226 1334 1423 1381 iudican-

133 1410 240 1456 dum
256 1408 346 1463 est,
375 1409 539 1473 aliquid
567 1411 675 1457 iram
696 1411 750 1456 ad
777 1407 1128 1472 magnitudinem
1159 1406 1294 1453 animi
1313 1423 1423 1453 con-

134 1481 262 1530 ferre.
281 1484 390 1530 Non
419 1484 479 1530 est
505 1485 622 1531 enim
648 1485 720 1531 illa
747 1483 1030 1548 magnitudo;
1058 1494 1208 1529 tumor
1232 1480 1319 1528 est:
1340 1497 1424 1529 nec

135 1555 402 1619 corporibus
433 1557 562 1621 copia
591 1550 738 1605 vitiosi
770 1555 972 1602 humoris
1004 1553 1210 1611 intensis,
1240 1553 1427 1599 morbus

137 1627 457 1679 incrementum
491 1630 582 1687 est,
618 1629 691 1676 sed
717 1628 918 1692 pestilens
946 1627 1224 1674 abundantia.
1255 1628 1428 1673 Omnes
1477 1646 1480 1650 ’

138 1718 253 1765 quos
274 1719 458 1750 vaecors
477 1703 646 1750 animus
677 1702 805 1765 supra
826 1701 1118 1764 cogitationes
1144 1701 1316 1747 extollit
1341 1701 1428 1746 hu-

137 1791 286 1822 manas
301 1808 315 1832 ‚
331 1776 466 1823 altum
481 1776 693 1841 quiddam
713 1791 755 1823 et
775 1776 956 1822 sublime
978 1774 1137 1838 spirare
1155 1773 1197 1821 se
1219 1774 1425 1821 credunt:

140 1861 335 1896 ceterum
354 1849 461 1896 nihil
482 1850 605 1897 solidi
625 1849 764 1897 subest
780 1885 792 1907 ,
807 1848 881 1895 sed
900 1848 944 1893 in
961 1848 1132 1894 ruinam
1151 1864 1292 1910 prona
1311 1846 1428 1903 sunt,

138 1936 252 1982 quae
269 1921 355 1969 fine
377 1922 668 1969 fundamentis
689 1938 882 1969 crevere.
904 1922 1012 1968 Non
1031 1921 1162 1967 habet
1180 1920 1244 1966 ira
1270 1919 1340 1967 cui
1362 1920 1429 1966 in-

139 1993 265 2041 sistat.
284 2011 377 2041 non
403 2012 456 2041 ex
481 1996 610 2042 firmo
632 1995 926 2056 mansuroque
952 1993 1122 2049 oritur,
1151 1993 1222 2040 sed
1246 1993 1432 2041 ventosa

139 2081 185 2116 et
202 2067 341 2116 inanis
360 2068 420 2115 est
439 2088 450 2117 :
482 2081 741 2134 tantumque
763 2067 881 2116 abest
898 2085 922 2114 a
945 2069 1246 2133 magnitudine
1267 2067 1401 2114 animi
1415 2094 1432 2117 2

142 2156 354 2206 quantum
375 2159 399 2189 a
425 2142 682 2190 fortitudine
707 2143 889 2190 audacia
904 2177 916 2201 ,
936 2159 960 2187 a
984 2142 1144 2190 fiducia
1170 2142 1397 2189 insolentia
1415 2178 1432 2201 ,

142 2215 198 2261 ab
210 2215 452 2263 austeritate
469 2217 634 2264 tristitia
646 2254 657 2275 ,
674 2233 696 2262 a
710 2216 936 2264 severitate
954 2217 1199 2264 crudelitas.
1218 2216 1431 2274 Multum,

142 2288 350 2352 inquam,
367 2289 541 2336 interest
568 2290 682 2337 inter
700 2290 928 2337 sublimem
953 2292 1147 2337 animum
1163 2326 1176 2348 ,
1205 2303 1249 2337 et
1280 2289 1432 2352 super-

143 2360 264 2408 bum.
292 2362 517 2409 Iracundia
541 2363 646 2408 nihil
676 2363 869 2424 amplum
897 2363 1201 2427 decorumque
1233 2363 1433 2411 molitur.

144 2433 337 2490 Contra,
356 2435 463 2482 mihi
479 2437 653 2483 videtur
669 2437 887 2483 veternosi
905 2450 948 2484 et
965 2437 1155 2484 infelicis
1173 2436 1307 2483 animi
1321 2472 1335 2493 ‚
1348 2435 1433 2482 im-

145 2505 393 2556 becillitatis
411 2508 489 2556 fibi
508 2509 699 2570 conscii,
718 2510 840 2574 saepe
860 2510 1144 2560 indolescere.
1167 2513 1231 2560 Ut
1253 2510 1432 2559 exulce-
