1741 2919
285 120 740 170 CONSOLATtO
777 118 864 165 AD
901 117 1240 165 MARCtAM.
1311 131 1402 177 207

128 229 210 276 fit:
240 229 352 277 vixit
371 229 488 276 enim
514 240 723 292 quantum
756 226 906 273 debuit
933 225 1103 274 vivere.-
1133 224 1255 271 Nihil
1285 224 1403 271 enim

129 301 194 348 illi
217 300 303 348 iam
329 300 439 347 ultra
462 301 692 364 supererat.
725 301 831 346 Non
862 316 945 346 una
971 299 1227 346 hominibus
1253 299 1406 346 senec-

129 386 198 421 tus
226 373 312 431 est,
341 389 392 422 ut
417 391 470 422 ne
496 373 750 420 animalibus
777 373 972 436 quidem.
1000 372 1109 418 intra
1136 373 1405 434 quatuorde-

128 445 217 493 cim
245 447 461 510 quaedam
488 462 628 493 annos
653 445 969 510 defatigantur:
991 461 1035 494 et
1062 448 1167 492 haec
1197 447 1279 492 illis
1308 446 1406 494 lon-

129 518 297 582 giffima
323 532 438 566 aetas
455 519 538 574 est,
565 535 676 582 quae
703 519 873 565 homini
899 520 1054 581 prima.
1080 521 1222 582 dispar
1248 520 1407 583 cuique

129 592 313 640 vivendi
335 593 517 640 facultas
542 593 639 639 data
662 593 721 638 est
740 611 750 639 ε
774 611 906 640 nemo
928 594 1055 640 nimis
1075 594 1164 640 cito
1194 596 1408 653 moritur,

129 666 207 728 qui
232 656 426 712 vieturus
449 666 610 712 diutius
632 682 762 729 quam
786 666 927 723 vixit,
953 666 1042 712 non
1069 665 1166 711 fuit.
1202 666 1328 712 Fixus
1345 666 1408 713 est

129 737 288 800 cuique
320 737 532 785 terminus
564 732 792 785 :manebit
822 739 990 802 semper
1023 735 1093 784 u'bi
1124 739 1286 800 positus
1310 739 1371 785 est
1397 756 1410 786 ε

125 826 207 864 nec
232 809 355 858 illum
381 811 560 860 ulterius
585 812 809 874 diligentia
833 824 905 856 aut
926 811 1060 872 gratia
1085 812 1372 872 promovebit
1393 831 1405 859 t

126 881 206 929 scit
243 883 429 930 libenter
465 883 587 930 illum
623 883 800 930 ulterius
834 882 1102 945 diligentiam
1128 899 1189 928 ex
1219 883 1408 930 consilio

127 957 374 1019 perdidisse.
410 958 538 1005 Tulit
560 958 681 1004 suum
699 993 712 1016 ,
739 984 760 992 ·-
782 984 804 991 -
823 983 840 992 -
854 983 874 991 -
901 972 1105 1016 metasque
1124 960 1214 1002 dati
1226 962 1408 1018 pervenit

127 1032 187 1074 ad
199 1032 306 1077 aevi.
339 1031 447 1078 Non
471 1031 532 1078 est
563 1031 709 1094 itaque
739 1030 865 1093 quod
889 1029 945 1076 fic
968 1044 1010 1075 te
1032 1027 1188 1076 oneres
1217 1048 1227 1075 t
1255 1031 1407 1077 Potuit

126 1102 292 1150 diutius
308 1103 475 1156 vivere.
497 1106 606 1151 Non
636 1104 696 1151 est
718 1105 957 1165 interrupta
978 1103 1069 1150 eius
1093 1103 1204 1157 vita,
1225 1121 1303 1149 nec
1322 1115 1406 1150 tin-¹

124 1191 255 1238 quam
284 1175 326 1222 se
343 1178 466 1224 annis
485 1178 604 1225 casus
630 1177 859 1226 interiecit.
886 1176 1071 1227 solvitur
1094 1177 1218 1238 quod
1243 1177 1405 1237 cuique

124 1249 384 1311 promiffum
403 1251 490 1298 est:
511 1263 615 1299 eunt
642 1251 689 1299 vi
709 1252 780 1299 sua
799 1251 886 1298 fata
903 1287 914 1307 ,
934 1269 1016 1298 nec
1039 1250 1250 1297 adiiciunt
1279 1252 1402 1314 quid-

123 1336 254 1384 quam
270 1358 284 1381 ‚
311 1339 392 1372 nec
411 1340 467 1371 ex
485 1324 696 1387 promisso
718 1324 849 1372 semel
875 1325 1055 1371 demunt
1078 1342 1086 1370 :
1108 1322 1264 1380 frustra
1294 1340 1402 1371 vota

123 1407 176 1439 ac
205 1393 340 1442 studia
371 1396 478 1444 sunt,
517 1398 707 1445 Habebit
739 1397 950 1462 quisque,
982 1410 1194 1460 quantum
1221 1396 1283 1442 illi
1310 1396 1421 1462 diest

122 1465 290 1528 primus
321 1471 553 1534 adscripfit.
581 1489 634 1518 ex
657 1472 732 1518 illo
757 1487 849 1534 quo
880 1471 1068 1534 primurn
1093 1471 1233 1516 lucem
1263 1470 1402 1527 vidit,

119 1537 392 1591 itervmortis
422 1545 629 1608 ingressus
652 1545 737 1603 est,
766 1545 1027 1607 accessitque
1058 1543 1149 1590 fato
1178 1544 1365 1606 propior
1385 1559 1400 1589 τ

119 1622 164 1659 et
186 1611 248 1659 illi
274 1614 378 1678 ipsi,
403 1618 478 1679 qui
504 1618 819 1665 adiiciebantur
844 1616 1156 1664 adolescentiae
1182 1616 1280 1661 anni
1299 1652 1311 1672 ,
1330 1617 1402 1664 vi-

118 1697 188 1734 tae
211 1689 556 1739 detrahebantur.
589 1694 638 1738 In
666 1693 753 1739 hoc
778 1709 934 1738 omnes
965 1707 1114 1737 errore
1136 1690 1361 1737 versamur
1380 1723 1398 1747 ,

119 1772 170 1806 ut
191 1774 284 1809 non
303 1777 507 1828 putemus
531 1768 584 1813 ad
604 1779 791 1813 mortem
805 1802 818 1824 ‚
844 1764 918 1812 nisi
939 1765 1057 1812 senes
1076 1765 1399 1830 inclinatosque

118 1830 206 1880 iam
233 1852 444 1902 vergere:
471 1855 572 1885 cun-2
599 1838 676 1885 illo
698 1837 879 1884 infantia
910 1837 1048 1884 statim
1065 1873 1078 1893 ‚
1106 1852 1148 1883 et
1178 1838 1361 1884 iuventa
1381 1875 1396 1897 ,

89 1949 93 1952 .
117 1908 355 1974 omnisque
374 1925 487 1959 aetas
513 1912 635 1959 ferat.
660 1915 808 1976 Agunt
836 1928 948 1975 opus
976 1912 1095 1957 suum
1124 1910 1236 1958 fata:
1267 1912 1397 1960 nobis

117 1978 285 2029 sensum
311 1985 480 2032 nostrae
508 1986 626 2033 necis
649 1986 851 2032 auferunt
873 2002 883 2029 ε
915 2001 1098 2047 quoque
1125 1983 1293 2029 facilius
1315 1985 1397 2029 ob-

117 2065 239 2116 repat
268 2073 417 2115 mors,
448 2058 526 2104 sub
553 2058 649 2121 ipso
676 2058 792 2104 vitae
821 2058 1000 2104 nomine
1028 2057 1141 2102 latet.
1178 2054 1395 2104 infantem

117 2124 163 2172 in
187 2128 228 2174 se
252 2131 434 2192 pueritia
457 2131 702 2189 convertit,
731 2129 961 2193 pueritiam
984 2129 1208 2192 pubertas,
1238 2130 1395 2191 puber-

118 2212 248 2249 tatem
272 2201 472 2250 iuventus
491 2239 504 2262 ‚
534 2204 806 2250 iuventutem
829 2202 1021 2249 sentitus
1042 2200 1226 2248 abstulit.
1244 2204 1393 2246 [ncre-

118 2287 265 2320 menta
288 2275 377 2337 ipsa
404 2277 434 2322 fi
452 2275 565 2321 bene
593 2287 822 2337 computes
838 2310 852 2329 ,
874 2274 1029 2320 damna
1056 2273 1163 2319 sunt.

185 2349 311 2395 XXI.
337 2351 574 2410 Quereris,
602 2350 790 2404 Marcia,
814 2366 904 2395 non
932 2364 1020 2394 tam
1048 2347 1119 2394 diu
1147 2346 1302 2393 vixiffe
1333 2344 1390 2391 fi-

118 2420 225 2469 lium
258 2435 415 2480 tuum,
444 2440 574 2486 quam
609 2422 850 2486 potuifiet?
886 2421 1018 2490 Unde
1054 2420 1170 2467 enim
1205 2420 1310 2480 scis,
1337 2437 1392 2466 an
