1741 2919
466 171 747 224 DE1RA
796 175 936 225 ΜΒ.
981 174 1099 226 111.·.
1345 186 1438 239 '103

147 282 216 334 vis
236 282 386 333 tenuia
405 284 701 349 undecunque
719 285 929 344 exierint,
947 285 1251 333 renascentur:
1270 293 1312 331 et
1328 282 1441 330 iram

146 373 243 404 non
267 369 590 421 temperemus,
624 358 696 406 sed
726 374 782 405 ex
813 370 914 405 toto
940 374 1268 406 removeamus.
1298 355 1440 418 Quod

146 429 266 476 enim
292 430 433 479 malae
462 429 526 477 rei
554 442 951 493 temperamentum
971 430 1062 478 est?
1085 429 1333 494 poterimus
1361 445 1439 474 au-
1465 480 1468 485 ¹

146 517 237 549 tem
255 537 270 561 ‚
289 502 535 551 adnitamur
553 504 709 552 modo.
740 506 836 551 Nec
856 504 940 550 ulla
956 520 1026 551 res
1052 503 1190 568 magis
1207 501 1442 566 proderit,

147 592 281 639 quam
317 577 533 640 cogitatio
567 577 861 625 mortalitatis,
899 576 978 624 fibi
1016 578 1200 642 quisque
1236 588 1285 623 ut
1318 576 1443 624 alteri

146 649 263 697 dicat
282 668 293 697 ε
319 650 441 712 Quid
457 651 603 708 iuvat,
626 663 831 715 tanquam
852 652 898 699 in
916 664 1140 699 aeternum
1162 651 1339 716 genitos
1356 651 1442 698 iras

144 722 369 781 indicere,
396 736 439 771 et
457 725 754 773 breviffimam
775 738 961 774 aetatem
990 725 1226 789 diffipare?
1247 724 1354 788 quid
1373 724 1444 770 iu-

150 809 257 855 vat,
290 798 382 845 dies
405 815 520 862 quos
547 799 593 846 in
623 800 899 862 voluptatem
930 799 1157 846 honestam
1189 797 1447 861 impendere

148 869 275 930 licet,
294 871 338 918 in
359 872 562 918 dolorem
585 873 765 919 alicuius
786 885 1153 936 tormentumque
1173 870 1444 918 transferre?

149 945 256 992 Non
290 946 470 1010 capiunt
495 963 562 994 res
591 947 693 994 istae
725 947 962 1006 iacturam,
995 965 1077 994 nec
1109 960 1284 1010 tempus
1318 955 1447 993 vacat

148 1019 350 1081 perdere.
379 1019 502 1081 Quid
535 1021 703 1068 ruimus
736 1020 780 1066 in
812 1020 1038 1083 pugnam?
1073 1020 1181 1082 quid
1209 1019 1448 1066 certamina

148 1092 278 1140 nobis
296 1094 580 1142 arcessimus?
610 1096 717 1159 quid
739 1094 1049 1143 imbecillitatis
1071 1093 1221 1152 obliti,
1254 1093 1447 1157 ingentia

149 1167 256 1213 odia
276 1152 532 1231 suscipimus
547 1204 560 1226 ‚
580 1182 622 1216 et
639 1169 693 1215 ad
714 1169 1007 1232 frangendum
1029 1168 1201 1231 fragiles
1221 1168 1450 1230 consurgi-

149 1244 277 1288 mus?
297 1244 387 1288 Iam
419 1240 517 1288 istas
538 1242 792 1289 inimicitias
807 1278 820 1301 ‚
842 1259 950 1305 quas
971 1241 1235 1305 implacabili
1254 1240 1448 1304 gerimus

117 1369 120 1373 ,
149 1315 301 1362 animo
316 1351 330 1373 ‚
356 1315 492 1363 febris
512 1328 585 1364 aut
602 1317 720 1364 aliud
742 1316 907 1363 malum
931 1315 1136 1378 corporis
1154 1314 1321 1363 vetabit
1340 1313 1450 1377 geri.

149 1388 238 1436 iam
269 1405 350 1453 par
377 1390 642 1436 acerrimum
674 1389 821 1437 media
853 1406 976 1436 mors
1007 1389 1194 1436 dirimet.
1228 1388 1351 1449 Quid
1378 1398 1451 1434 tu-

152 1462 426 1510 multuamur
448 1495 461 1517 ‚
496 1474 540 1508 et
581 1463 722 1510 vitam
758 1461 948 1509 seditiosi
986 1463 1333 1510 conturbamus?
1370 1461 1450 1508 stat

150 1536 279 1600 super
297 1548 429 1600 caput
449 1536 612 1595 fatum,
637 1548 680 1584 et
707 1549 939 1600 pereuntes
969 1538 1062 1585 dies
1092 1537 1306 1601 imputat,
1337 1553 1448 1600 pro—

149 1611 336 1674 piusque
359 1627 408 1658 ac
425 1610 611 1673 propius
637 1611 821 1658 accedit.
852 1611 965 1661 Istud
983 1623 1178 1674 tempus,
1202 1611 1327 1676 quod
1344 1611 1448 1660 alie-

152 1700 233 1731 nae
255 1682 442 1730 destinas
460 1683 623 1741 morti,
643 1683 821 1731 fortasse
846 1684 964 1732 circa
982 1698 1102 1732 tuam
1122 1683 1197 1731 est.

219 1759 377 1805 XLIII.
405 1757 530 1819 Quin
554 1758 703 1820 potius
722 1757 860 1805 vitam
880 1759 1065 1806 brevem
1086 1757 1258 1823 colligis
1273 1795 1286 1818 ‚
1312 1759 1456 1823 placi-³

152 1823 348 1894 damque'
362 1845 406 1877 et
433 1829 514 1877 tibi
541 1842 585 1876 et
605 1830 760 1877 ceteris
792 1828 1007 1893 praestas?
1030 1829 1140 1893 quin
1168 1830 1318 1892 potius
1336 1848 1456 1878 ama-

151 1903 285 1952 bilem
311 1919 378 1962 te,
397 1903 503 1950 dum
523 1902 643 1951 vivis
660 1939 674 1961 ‚
701 1904 934 1951 omnibus:
963 1902 1321 1962 desiderabilem,
1351 1922 1456 1953 cum

151 1977 413 2037 excesseris,
443 1976 624 2024 reddis?
648 1979 704 2024 Et
727 1977 838 2041 quid
865 1976 1013 2035 illum,
1033 1977 1167 2023 nimis
1192 1993 1246 2023 ex
1271 1977 1364 2026 alto
1390 1990 1456 2025 te-

152 2065 256 2098 cum
276 2061 502 2114 agentem,
522 2049 749 2098 detrahere
768 2050 919 2115 cupis?
947 2051 1055 2115 quid
1081 2051 1203 2098 illum
1232 2052 1458 2099 oblatran-

150 2137 241 2171 tem
261 2122 364 2181 tibi,
387 2123 601 2171 humilem
631 2123 811 2188 quidem
831 2137 875 2172 et
901 2139 1178 2174 contemtum
1195 2158 1209 2181 ‚
1237 2125 1309 2171 sed
1328 2126 1455 2190 supe-

152 2195 345 2243 rioribus
374 2196 548 2243 acidum
572 2213 621 2243 ac
647 2196 880 2244 molestum
898 2233 911 2256 ‚
935 2208 1158 2245 exterrere
1177 2198 1348 2246 viribus
1367 2199 1452 2248 tuis

152 2269 324 2317 tentas?
348 2269 474 2330 Quid
491 2269 650 2319 servo?
671 2271 779 2334 quid
799 2271 1019 2319 domino?
1042 2271 1149 2334 quid
1179 2271 1272 2334 regi
1292 2271 1310 2318 ?
1344 2273 1453 2337 quid

154 2343 304 2392 clienti
322 2360 400 2392 tuo
421 2345 644 2392 irasceris?
663 2345 818 2393 sustine
839 2347 1032 2410 paulum.
1048 2346 1172 2393 venit
1190 2362 1292 2394 ecce
1309 2364 1454 2406 mors,

153 2435 266 2483 quae
287 2434 369 2466 nos
392 2436 518 2482 pares
545 2419 685 2467 faciat.
705 2420 865 2468 Ridere
886 2420 1074 2467 solemus
1100 2419 1213 2467 inter
1237 2422 1452 2468 matutina
1518 2429 1522 2434 ‘
1543 2469 1547 2484 Ι

155 2493 341 2543 harenae
358 2494 594 2559 speetacula
610 2527 624 2551 ‚
647 2494 759 2542 tauri
779 2509 821 2542 et
845 2494 929 2543 urfi
950 2510 1142 2562 pugnam
1167 2493 1284 2544 inter
1303 2496 1344 2545 se
1365 2495 1460 2546 cola-
