1741 2919
768 3 800 35 N

290 114 388 178 ιη’
529 132 578 178 L.
631 131 932 178 ANNAm
985 132 1343 179 SENECAE

284 237 397 284 alios
428 235 698 300 pestilentia,
723 253 798 285 aut
822 237 1030 302 frequens
1058 254 1274 288 terrarum
1307 238 1479 298 hiatus,
1501 252 1576 288 aut

282 311 427 373 aliqua
447 311 920 367 intolerandainfelicis
945 310 1021 359 soli
1047 314 1154 360 vitia
1170 315 1418 361 eiecerunt:
1439 332 1576 378 quos-

283 383 384 428 dam
401 383 552 430 fertilis
565 400 688 441 orae,
708 397 750 430 et
770 385 814 431 in
830 385 968 432 maius
986 385 1206 443 laudatae,
1220 385 1338 433 fama
1354 386 1576 449 corrupit:

281 455 392 502 alios
413 455 496 501 alia
517 458 639 502 cama.
662 456 829 504 excivit
853 457 1061 505 domibus
1084 457 1184 505 suis.
1207 459 1315 505 lllud
1343 459 1490 522 itaque
1516 458 1578 506 est

282 526 564 575 manifestum
577 564 590 587 ‚
611 530 719 576 nihil
732 531 892 577 eodem
908 531 1013 578 loco
1032 532 1251 590 mansisse,
1268 549 1361 595 quo
1379 532 1577 596 genitum

281 601 358 649 est.
392 602 578 650 affiduus
607 605 788 651 humani
813 605 986 669 generis
1014 606 1230 654 discursus
1263 606 1337 654 est.
1375 606 1579 670 quotidie

281 675 447 739 aliquid
478 676 523 723 in
555 691 642 724 tam
665 695 830 742 magno
859 679 969 726 orbe
1001 692 1209 728 mutatur.
1230 682 1369 727 Nova
1398 679 1578 727 urbium

276 749 569 800 fundamenta
599 754 853 800 iaciuntur:
882 771 1004 800 nova
1034 754 1232 817 gentium
1262 754 1470 814 nomina,
1496 772 1577 801 ex-

278 820 444 870 stin‘stis
470 820 719 887 prioribus,
740 840 812 873 aut
832 825 877 872 in
907 825 1201 874 acceffionem
1222 825 1448 875 validioris
1468 843 1578 874 con-

279 895 418 944 versis
444 933 461 956 ‚
505 898 733 946 oriuntur.
775 901 949 946 Omnes
981 914 1128 947 autem
1168 898 1268 947 istae
1307 899 1577 962 populorum

275 973 677 1034 transportationes
695 1008 710 1032 ‚
743 972 851 1037 quid
883 975 1002 1022 aliud
1022 1006 1038 1032 ‚
1072 990 1205 1039 quam
1234 973 1406 1039 publica
1432 972 1578 1021 exfilia

277 1043 408 1090 sunt?

349 1121 445 1165 Vll.
471 1120 594 1181 Quid
621 1132 710 1167 tam
739 1120 882 1185 longo
903 1132 948 1170 te
980 1121 1168 1170 circuitu
1195 1123 1357 1171 traho?
1387 1122 1494 1187 quid
1514 1122 1579 1170 in-

278 1189 409 1236 terest
429 1208 689 1257 enumerare
718 1197 990 1241 Antenorem
1018 1195 1185 1241 Patavii
1208 1196 1514 1253 conditorem,
1533 1206 1579 1241 et

279 1265 539 1313 Evandrum
565 1267 609 1313 in
633 1268 728 1330 ripa
747 1268 927 1315 Tiberis
953 1286 1086 1333 regna
1111 1270 1336 1316 Arcadum
1355 1269 1579 1316 collocan-

277 1339 368 1384 tem
387 1339 405 1385 ?
425 1341 851 1402 quierimnedem,
871 1343 1069 1408 aliosque
1083 1359 1196 1408 quos
1217 1343 1464 1389 Troianum
1483 1341 1578 1388 bel-

275 1409 395 1468 lum,
415 1413 560 1459 vifitos
579 1415 703 1462 timul
731 1416 1017 1481 viCtoresque
1031 1454 1043 1475 ,
1064 1433 1144 1480 per
1162 1416 1318 1463 alienas
1336 1431 1470 1464 terras
1491 1413 1579 1462 dis-

276 1484 462 1547 sipavit?
500 1489 753 1537 Romanum
783 1490 1021 1554 imperium
1052 1506 1214 1553 nempe
1243 1490 1470 1535 au&0rem
1497 1505 1578 1535 εκ·

277 1558 412 1606 sulem
442 1561 648 1624 respicit:
679 1581 813 1628 quem
840 1565 1113 1628 profugum,
1145 1575 1271 1626 capta
1291 1561 1459 1626 patria,
1484 1561 1578 1610 exim

277 1650 387 1698 guas
414 1635 622 1697 reliquias
640 1639 884 1686 trahentem
904 1674 918 1697 ‚
945 1635 1175 1684 neceffitas
1199 1648 1241 1683 et
1264 1635 1450 1684 victoris
1479 1652 1598 1683 me-.

279 1719 348 1753 tus
367 1739 381 1762 ‚
412 1707 658 1772 longinqua
683 1723 988 1774 quaerentem,
1018 1710 1063 1755 in
1090 1708 1261 1756 Italiam
1297 1706 1465 1768 detulit.
1491 1707 1578 1755 Hic

280 1781 442 1828 deinde
465 1784 656 1846 populus
684 1796 798 1848 quot
827 1784 1030 1835 colonias
1054 1783 1099 1830 in
1135 1800 1294 1830 omnes
1320 1781 1578 1845 provincias

278 1854 431 1901 misit?
457 1856 712 1922 ubicunque
740 1859 851 1907 vicit
878 1861 1145 1914 Romanus,
1169 1857 1350 1905 habitat.
1369 1856 1438 1902 Ad
1464 1856 1578 1903 hanc

278 1931 678 1977 commutationem
710 1933 917 1980 locorum
947 1933 1135 1980 libentes
1161 1933 1346 1979 nomina
1373 1930 1536 1977 dabant
1560 1962 1576 1985 ‚

277 2016 326 2049 et
354 2003 513 2050 reliffis
546 2003 629 2051 aris
660 2004 745 2053 suis
774 2018 893 2054 trans
925 2006 1062 2053 maria
1091 2004 1356 2070 sequebatur
1388 2003 1578 2051 colonus

281 2076 430 2125 senex.
743 2133 746 2136 ,
998 2080 1001 2083 ’

348 2155 466 2200 Vffl.
490 2153 574 2199 Res
593 2152 774 2215 quidem
791 2169 881 2199 non
899 2152 1112 2200 desiderat
1129 2152 1323 2216 plurium
1344 2166 1577 2197 enumera·-

281 2224 450 2274 tionem
468 2245 477 2271 :
500 2243 634 2272 unum
654 2238 803 2272 tamen
817 2225 1021 2272 adiiciam
1036 2263 1049 2284 ‚
1070 2227 1196 2289 quod
1210 2226 1255 2272 in
1276 2225 1437 2272 oculos
1452 2223 1492 2271 se
1506 2224 1577 2270 in-

282 2299 409 2362 gerit.
426 2301 547 2346 Haec
563 2300 654 2363 ipsa
671 2299 806 2346 insula
824 2297 949 2361 saepe
968 2298 1054 2345 iam
1075 2300 1264 2346 cultores
1286 2296 1490 2344 mutavit.
1512 2300 1576 2345 Ut

283 2371 534 2434 antiquiora
565 2387 675 2435 quae
702 2369 894 2418 vetustas
924 2370 1138 2427 obduxit,
1168 2370 1414 2424 transeam,
1451 2368 1575 2414 Pho-

285 2442 385 2497 cide
413 2443 584 2503 rebitet,
612 2443 738 2490 Graii
757 2442 833 2508 qui
850 2459 969 2491 nunc
994 2441 1228 2490 Maffiliam
1247 2440 1427 2501 colunt,
1451 2440 1576 2504 prius
