1741 2919
385 158 472 206 DE
505 138 1047 218 TaANQffltuTATE
1082 159 1270 207 ANiMI.
1379 176 1469 226 259

193 266 262 315 nis
287 265 478 323 dubitat,
503 265 646 329 potest
670 264 784 310 idem
811 264 1010 311 dubitare
1031 280 1074 312 et
1097 267 1149 312 de
1173 266 1355 314 deorum
1384 268 1471 314 im-

193 338 445 403 mortalium
467 337 572 384 statu
587 373 600 395 ,
632 353 686 382 an
706 353 856 398 parum
881 337 1003 382 beate
1022 337 1209 400 degant,
1237 338 1359 400 quod
1388 338 1470 384 illis

172 428 287 471 gnon
309 411 507 474 praedia,
530 426 610 457 nec
636 409 753 455 horti
778 409 858 456 sint
874 445 887 466 ‚
908 427 988 457 nec
1012 410 1155 456 alieno
1186 412 1357 457 colono
1374 429 1472 457 rura

196 483 406 546 pretiosa,
437 499 516 529 nec
536 481 694 545 grande
717 481 761 526 in
780 480 883 530 foro
903 481 1070 529 foenus,
1102 483 1208 529 Non
1239 498 1281 529 te
1310 486 1473 547 pudet,

194 556 392 619 quisquis
411 555 575 602 divitiis
594 553 820 617 adstupes?
843 555 1006 617 respice
1026 557 1209 620 agedum
1231 559 1473 604 mundum:

194 629 339 676 nudos
365 627 532 676 videbis
558 628 689 686 deos,
723 627 873 674 omnia
902 629 1076 683 dantes,
1115 630 1225 675 nihil
1253 631 1473 680 habentes.

195 699 328 746 Hunc
353 711 400 746 tu
423 716 661 761 pauperem
691 712 842 762 putas,
873 717 925 745 an
959 701 1040 747 diis
1065 701 1386 750 immortalibus
1417 705 1473 750 si-

195 769 343 816 milem
362 805 375 828 ‚
395 771 470 832 qui
503 770 542 816 se
575 769 768 817 fortuitis
795 770 1001 818 omnibus
1027 773 1181 820 exuit?
1212 775 1472 824 Feliciorem

193 857 242 892 tu
263 842 541 913 Demetrium
573 844 890 907 Pompeianum
913 863 1049 895 vocas
1065 883 1077 905 ‚
1100 865 1246 911 quem
1273 866 1364 895 non
1392 869 1476 913 pu·

195 922 289 969 duit
306 921 644 984 locupletiorem
664 921 746 968 effe
766 922 1009 989 Pompeio?
1038 926 1257 971 Numerus
1279 925 1339 971 illi
1358 943 1477 988 quo·-

195 995 301 1042 tidie
325 995 555 1043 servorum
573 1030 586 1052 ‚
611 995 733 1042 velut
759 994 1017 1059 imperatori
1044 996 1257 1044 exercitus
1271 1033 1285 1055 ‚
1313 998 1476 1046 refere-

196 1067 349 1124 batur,
370 1067 439 1114 cui
468 1067 551 1112 iam
575 1067 741 1114 dudum
774 1068 954 1114 divitiae
980 1067 1062 1114 effe
1091 1069 1330 1115 debuerant
1346 1106 1358 1128 ‚
1382 1072 1474 1119 duo

195 1139 373 1196 vicarii,
402 1153 446 1188 et
464 1141 571 1187 cella
591 1141 741 1189 laxior.
768 1141 1037 1204 AtDiogeni
1065 1141 1210 1189 servus
1230 1142 1381 1190 unicus
1402 1143 1476 1190 fu-

196 1213 283 1276 git,
310 1229 390 1259 nec
411 1230 513 1259 eum
533 1213 741 1261 reducere
759 1248 774 1270 ,
794 1230 893 1260 cum
919 1213 1251 1272 monstraretur,
1270 1215 1376 1261 tanti
1396 1234 1477 1277 pu-

197 1287 322 1335 tavit.
352 1290 504 1351 Turpe
526 1287 610 1343 est,
639 1287 810 1351 inquit',
841 1289 1002 1334 Manen
1029 1287 1116 1333 fine
1141 1288 1345 1351 Diogene
1373 1287 1477 1349 pos—

197 1359 241 1407 se
271 1361 451 1418 vivere‚
481 1361 737 1424 Diogenem
765 1360 851 1408 fine
878 1363 1009 1408 Mane
1041 1378 1132 1407 non
1162 1361 1296 1422 poffe.
1342 1363 1478 1409 Vide-

195 1444 267 1480 tur
293 1434 401 1480 mihi
427 1434 576 1490 dixisse
597 1453 607 1482 :
636 1439 730 1498 Age
756 1450 881 1481 tuum
909 1433 1137 1498 negotium
1157 1467 1169 1489 ,
1203 1433 1393 1480 fortuna.
1413 1435 1480 1481 ni-

195 1507 257 1554 hil
283 1509 399 1571 apud
427 1508 679 1571 Diogenem
715 1509 800 1556 iam
831 1523 955 1556 tuum
983 1507 1057 1555 est.
1100 1509 1223 1572 Fugit
1251 1509 1357 1554 mihi
1389 1509 1478 1556 ser-

198 1579 315 1628 vus?
339 1580 480 1626 immo
499 1580 609 1627 liber
632 1580 748 1626 abiit.
766 1580 943 1626 Familia
964 1579 1208 1626 vestiarium
1226 1580 1333 1642 petit
1348 1612 1362 1635 ‚
1381 1581 1481 1628 vic-

198 1662 387 1714 tumque
413 1670 426 1698 ;
455 1665 523 1700 tot
547 1665 722 1700 ventres
745 1652 1094 1700 avidissimorum
1125 1653 1376 1699 animalium
1403 1667 1481 1701 tu-

199 1725 301 1770 endi
325 1726 421 1772 sunt
448 1742 458 1772 :
489 1726 674 1772 emenda
706 1725 860 1783 vestis,
888 1736 932 1773 et
963 1723 1268 1772 custodiendae
1289 1727 1480 1788 rapacis-

197 1798 327 1846 simae
353 1817 533 1857 manus,
556 1814 599 1847 et
622 1799 824 1847 flentium
854 1797 1250 1862 detestantiumque
1282 1800 1481 1847 ministe«

197 1872 272 1920 riis
301 1875 527 1921 utendum.
554 1875 735 1934 Quanto
761 1873 831 1920 ille
854 1872 1053 1927 felicior,
1079 1873 1153 1935 qui
1174 1873 1281 1919 nihil
1308 1874 1382 1920 ulli
1404 1875 1485 1920 de«

198 1948 296 2004 bet,
318 1947 412 2006 nisi,
434 1949 503 1997 cui
525 1949 732 1995 facillime
753 1960 910 2010 negat,
929 1946 1037 1993 fibi?
1057 1947 1141 1993 Sed
1160 1946 1370 2010 quoniam
1389 1964 1482 1995 non

196 2021 259 2070 est
288 2035 456 2070 tantum
478 2023 654 2070 roboris
681 2022 832 2080 nobis,
859 2021 1120 2085 angustanda
1144 2033 1260 2069 certe
1286 2022 1381 2068 sunt
1412 2036 1483 2085 pa-

197 2094 406 2141 trimonia
423 2131 437 2153 ‚
466 2107 514 2141 ut
537 2095 682 2141 minus
710 2097 763 2143 ad
791 2093 970 2143 iniurias
1006 2093 1208 2141 fortunae
1236 2096 1365 2142 fimus
1399 2113 1480 2143 exn

199 2165 342 2229 pofiti.
384 2166 614 2214 Habiliora
641 2166 736 2214 sunt
757 2184 950 2231 corpora
978 2167 1022 2213 in
1048 2167 1188 2222 bello,
1219 2184 1331 2231 quae
1354 2168 1399 2214 in
1418 2186 1484 2215 aro

201 2254 273 2285 ma
298 2238 370 2285 sua
395 2240 595 2288 contrahi
628 2240 829 2303 poffunt,
859 2257 991 2304 quam
1015 2256 1127 2303 quae
1160 2239 1484 2302 superfundun-

200 2323 302 2368 tur,
334 2324 377 2359 et
409 2314 599 2377 undique
631 2314 885 2377 magnitudo
921 2313 992 2360 sua
1023 2313 1276 2360 vulneribus
1305 2314 1486 2363 obiecit,

202 2384 410 2447 Optimus
431 2386 640 2449 pecuniae
661 2388 821 2433 modus
841 2386 929 2442 est,
959 2386 1035 2450 qui
1068 2403 1150 2432 nec
1180 2386 1224 2432 in
1254 2402 1486 2451 pauperta-³

202 2469 294 2507 tem
321 2460 460 2522 cadit,
483 2477 564 2510 nec
591 2461 749 2526 procul
771 2478 795 2508 a
821 2471 1072 2526 paupertate
1095 2460 1292 2572 discficlit.

1245 2542 1272 2572 2
