1741 2919
288 121 381 182 248
548 122 1336 172 LANNAEISENECAE

287 227 461 276 versant
480 227 544 285 se,
563 239 606 275 et
624 228 711 275 hoc
735 240 864 292 atque
889 228 968 276 illo
994 231 1135 277 modo
1156 243 1454 295 componunt,
1483 233 1567 279 do·

286 319 371 349 nec
395 301 587 364 quietem
616 301 859 349 lassitudine
877 301 1110 367 *inveniant
1132 322 1141 349 :
1165 303 1317 351 statum
1338 305 1451 353 vitae
1470 306 1566 353 suae

286 373 525 420 formando
547 373 753 432 subinde,
772 374 818 420 in
836 391 892 422 eo
912 376 1149 423 noviffime
1174 390 1380 436 manent,
1406 378 1451 424 in
1477 395 1569 443 quo

286 448 388 495 illos
408 465 499 495 non
519 448 717 495 mutandi
734 448 886 496 odium
907 484 921 506 ,
938 448 1011 497 sed
1031 450 1223 499 seneEtus
1240 453 1295 498 ad
1310 454 1570 500 novandum

286 520 410 586 pigra
430 522 732 585 deprehendit.
748 525 903 572 Adiice
923 539 968 572 et
988 524 1102 583 illos,
1121 526 1197 589 qui
1216 543 1309 572 non
1329 526 1572 574 constantia

286 596 335 659 in
349 596 438 644 vita
450 614 602 660 parum
616 597 737 645 leves
752 598 868 656 sunt,
881 597 1127 646 sedinertia.
1143 599 1333 661 Vivum,
1353 617 1444 647 non
1461 617 1574 664 quo-

288 672 431 718 modo
444 672 618 728 volunt,
631 671 704 719 sed
718 673 952 735 quomodo
967 688 1222 737 coeperunt.
1237 673 1575 721 Innumerabiles

289 745 496 809 deinceps
511 747 797 810 proprietates
812 745 928 805 sunt,
946 746 1019 793 sed
1033 764 1146 794 unus
1164 746 1338 794 effeffiis
1352 747 1467 806 vitii,
1491 747 1534 792 di
1543 745 1576 792 s-

289 817 451 881 plicere
464 818 554 865 fibi.
578 819 681 866 Hoc
701 819 844 866 oritur
860 819 915 866 ab
933 818 1193 882 intemperie
1214 819 1347 865 animi
1363 852 1376 874 ,
1394 831 1436 865 et
1454 818 1576 881 cupi-

289 891 498 941 ditatibus
525 892 720 951 timidis,
748 906 821 940 aut
852 910 1004 958 parum
1023 891 1270 957 prosperis,
1299 891 1374 938 ubi
1393 903 1465 938 aut
1485 907 1577 938 non

291 967 477 1026 audent,
498 981 711 1031 quantum
737 969 1055 1033 concupiscunt
1071 1005 1086 1026 ,
1105 981 1176 1016 aut
1194 985 1284 1015 non
1299 966 1577 1030 consequun-

292 1054 394 1098 tur,
426 1053 472 1088 et
500 1039 547 1087 in
576 1040 697 1104 spem
735 1041 819 1088 toti
851 1042 1134 1105 prominent,
1164 1042 1335 1104 semper
1356 1037 1578 1085 ‘instabiles

291 1113 583 1177 mobilesque.
611 1115 738 1177 quod
763 1115 932 1163 neceffe
960 1115 1022 1163 est
1051 1115 1254 1163 accidere
1286 1111 1580 1176 pendentibus

292 1188 349 1235 ad
380 1201 489 1235 vota
515 1187 600 1235 sua.
627 1188 768 1234 Omni
795 1189 885 1236 vita
910 1190 1129 1252 pendent,
1155 1204 1200 1235 et
1219 1186 1446 1235 inhonesta
1473 1184 1513 1233 se
1530 1202 1581 1232 ac

293 1261 491 1308 difficilia
510 1262 700 1318 docent,
721 1275 973 1326 coguntque
992 1280 1003 1309 ε
1022 1275 1066 1310 et
1084 1262 1159 1309 ubi
1185 1261 1272 1309 fine
1299 1261 1496 1325 praemio
1515 1260 1581 1306 la-

293 1334 380 1383 bor
398 1335 478 1395 est,
491 1348 670 1400 torquet
687 1337 783 1385 illos
804 1337 973 1385 irritum
996 1338 1202 1395 dedecus,
1221 1355 1300 1385 nec
1319 1336 1471 1393 dolent
1489 1352 1586 1399 pra·

295 1425 382 1467 va,
415 1409 488 1456 sed
520 1408 676 1458 frustra
707 1411 908 1460 voluisse.
941 1413 1074 1459 Tunc
1105 1412 1207 1460 illos
1236 1426 1280 1458 et
1310 1410 1585 1474 poenitentia

296 1485 447 1548 coepti
476 1497 625 1545 tenet,
651 1499 697 1535 et
726 1487 966 1551 incipiendi
998 1487 1135 1534 timor
1152 1524 1165 1543 ,
1198 1486 1484 1550 subrepitque
1515 1485 1586 1531 illa

296 1556 475 1607 iadatio
513 1560 676 1619 animi,
718 1577 813 1608 non
842 1560 1108 1609 invenientis
1136 1560 1302 1608 exitum
1330 1596 1345 1619 ,
1378 1560 1482 1624 quia
1503 1577 1587 1609 nee

297 1629 728 1694 cupiditatibussuis
756 1635 1002 1698 imperare,
1035 1650 1118 1681 nec
1146 1632 1332 1696 obsequi
1374 1631 1587 1695 pofl'unt3

297 1720 344 1753 et
363 1708 587 1755 cunEtatio
616 1710 736 1758 vitae
762 1727 914 1772 parum
943 1709 985 1756 se
1011 1708 1293 1771 explicantis,
1317 1718 1361 1756 et
1386 1707 1499 1754 inter
1516 1706 1589 1753 de·

300 1776 445 1826 stituta
468 1793 577 1829 vota
603 1782 821 1845 torpentis
848 1782 983 1828 animi
1013 1781 1129 1830 fitus.
1156 1784 1286 1842 Quae
1310 1780 1462 1827 omnia
1485 1795 1589 1842 gra-

299 1850 429 1899 viora
452 1853 573 1910 sunt,
591 1854 668 1901 ubi
692 1853 802 1901 odio
831 1852 1098 1901 infelicitatis
1123 1852 1335 1915 operosae
1363 1851 1417 1897 ad
1439 1851 1586 1897 otium

300 1926 616 1992 perfugerunt,
644 1941 688 1976 et
707 1930 762 1976 ad
780 1928 944 1977 secreta
961 1927 1098 1975 studia
1112 1963 1126 1986 ,
1150 1943 1263 1991 quae
1284 1926 1373 1989 pati
1394 1941 1486 1972 non
1506 1941 1589 1987 po-

301 1998 382 2046 test
415 2001 586 2049 animus
614 2002 670 2049 ad
699 2001 847 2049 civilia
881 2000 1082 2055 ere&us,
1108 1999 1354 2064 agendique
1373 1997 1589 2060 cupidus,

303 2085 350 2119 et
383 2083 535 2120 natura
565 2073 783 2139 inquietus
802 2110 816 2134 ,
842 2090 998 2136 parum
1026 2072 1188 2121 scilicet
1205 2073 1250 2118 in
1273 2071 1315 2120 se
1333 2070 1591 2118 solatiorum

302 2145 494 2193 habensx
512 2146 705 2211 ideoque
724 2147 927 2194 detrassis
945 2144 1308 2192 oblessationibus
1320 2179 1334 2202 ,
1351 2160 1458 2207 quas
1478 2142 1610 2205 ipsae·

302 2219 620 2281 occupationes
640 2218 981 2267 discurrentibus
999 2217 1233 2281 praebent,
1253 2216 1438 2263 domum
1457 2250 1471 2272 ‚
1489 2214 1593 2261 soli-

305 2291 534 2353 tudinem,
562 2293 746 2356 parietes
777 2309 867 2339 non
895 2291 1009 2349 fert,
1043 2289 1208 2338 invitus
1238 2288 1420 2352 adspicit
1447 2289 1488 2335 se
1517 2287 1594 2336 fibi

244 2364 247 2365 ⁷
309 2364 493 2414 reliffihis.
521 2366 639 2414 Hinc
666 2366 770 2413 illud
803 2364 864 2411 est
892 2365 1114 2420 taedium,
1135 2376 1180 2411 et
1207 2362 1472 2426 displicentia
1498 2362 1558 2410 sui
1579 2396 1594 2419 ‚

305 2448 352 2493 et
384 2454 599 2503 nusquam
634 2439 861 2492 residentis
895 2438 1032 2489 animi
1062 2437 1280 2490 volutatio
1298 2471 1313 2496 ‚
1345 2449 1389 2486 et
1421 2434 1503 2486 otii
1532 2434 1594 2496 sui
