1741 2919
245 193 699 242 CONSOLATIO
733 191 832 239 AD
867 191 1206 240 MARCIAM.
1275 205 1366 256 209

86 317 210 352 mum
231 312 363 364 puta,
383 299 597 350 brevitate
626 299 744 348 vitae
774 299 1031 360 defunctos,
1061 299 1153 349 cito
1181 299 1227 347 in
1255 299 1371 346 inte-

88 393 218 441 grum
243 374 424 422 restitui.
445 377 653 438 Propone
677 373 784 421 illud
807 374 1130 422 acerbiffimum
1158 375 1238 423 tibi
1257 387 1373 423 tem—

89 466 200 512 pus,
219 465 311 513 quo
331 448 507 495 Seianus
533 461 702 511 patrem
724 462 846 496 tuum
871 448 1018 496 clienti
1038 448 1116 496 suo
1139 448 1281 495 Satrio
1291 450 1374 499 Se·

91 522 242 569 cundo
261 519 534 584 congiarium
553 520 688 568 dedit.
711 518 974 569 Irascebatur
991 520 1052 567 illi
1069 521 1130 567 ob
1149 537 1285 567 unum
1300 534 1375 568 aut

92 587 274 640 alterum
303 592 480 639 liberius
501 592 664 638 dictum
679 627 693 648 ‚
711 593 834 656 quod
854 593 1009 641 tacitus
1037 591 1152 640 ferre
1177 609 1270 640 non
1292 609 1377 656 po-¹

90 677 261 723 tuerat,
284 665 491 712 Seianum
512 663 558 710 in
578 665 774 711 cervices
802 664 969 711 nostras
987 680 1070 712 nec
1090 664 1263 728 imponi
1283 663 1379 728 qui-

93 737 194 782 dem
212 768 226 792 ‚
246 737 318 784 sed
336 735 579 782 escendere.
592 736 930 783 Decernebatur
949 736 1010 783 illi
1027 734 1160 782 statua
1177 737 1223 783 in
1244 737 1380 782 Pom-

93 809 182 872 peii
202 810 372 856 theatro
392 809 623 871 ponenda,
647 810 770 872 quod
795 809 994 857 exustum
1026 810 1183 857 Caesar
1206 809 1380 857 reficie—

94 879 179 927 bat.
195 880 467 927 Exclamavit
492 881 667 928 Cordus
682 913 696 936 ‚
721 882 852 929 Tunc
869 897 974 930 vere
991 882 1204 929 theatrum
1224 882 1382 945 perire.

93 955 207 1016 Quis
232 971 339 1019 ergo
365 970 455 1001 non
476 969 779 1017 rumperetur,
808 955 934 1019 supra
954 956 1120 1004 cineres
1142 957 1226 1004 Cn.
1246 957 1382 1003 Pom-

94 1027 183 1089 peii
215 1026 420 1074 constitui
449 1027 651 1073 Seianum
672 1063 687 1084 ‚
723 1040 765 1074 et
800 1027 844 1074 in
876 1029 1174 1076 monumentis
1204 1029 1386 1077 maximi

93 1098 372 1162 imperatoris
392 1098 639 1146 consecrari
660 1097 878 1162 perfidum
905 1098 1086 1147 militem
1104 1100 1122 1147 ἓ
1148 1101 1385 1148 consecra-

95 1186 179 1218 tur.
202 1171 472 1234 Subscriptio
488 1207 502 1230 ,
519 1187 563 1219 et
582 1172 782 1219 acerrimi
802 1189 930 1221 canes
950 1204 966 1228 ‚
986 1190 1098 1237 quos
1117 1174 1189 1222 ille
1204 1210 1217 1233 ‚
1237 1188 1287 1222 ut
1307 1173 1386 1223 fibi

96 1244 173 1291 uni
199 1243 448 1291 mansuetos
461 1280 475 1303 ,
493 1246 706 1292 omnibus
722 1243 843 1292 feros
857 1245 1033 1293 haberet
1047 1282 1063 1304 ,
1082 1246 1286 1311 sanguine
1303 1248 1389 1295 hu·-

96 1335 231 1369 mano
262 1317 463 1381 pascebat
486 1355 499 1375 ,
539 1318 865 1366 circumlatrare
892 1317 1121 1365 hominem
1142 1355 1156 1378 ‚
1186 1333 1229 1367 et
1262 1321 1387 1368 illum

96 1392 358 1455 imperatum
370 1428 382 1448 ,
406 1391 634 1455 incipiunt.
653 1392 775 1452 Quid
794 1392 981 1440 faceret?
1007 1391 1037 1438 fi
1056 1393 1210 1441 vivere
1225 1393 1358 1441 vellet
1372 1430 1389 1453 ,

97 1467 275 1513 Seianus
294 1467 516 1530 rogandus
536 1480 628 1513 erat
650 1484 660 1513 ε
683 1467 711 1513 fi
731 1467 872 1522 mori,
897 1466 999 1512 filia.
1026 1479 1212 1531 uterque
1231 1468 1388 1516 inexo-

96 1539 271 1586 rabilis:
290 1538 516 1586 constituit
544 1538 681 1586 filiam
705 1538 866 1587 fallere.
893 1540 1008 1587 Usus
1026 1539 1174 1603 itaque
1198 1540 1354 1589 balneo
1372 1579 1390 1601 ,

99 1626 140 1660 et
170 1629 262 1676 quo
291 1613 389 1675 plus
417 1612 579 1658 virium
608 1629 795 1675 poneret
813 1650 826 1669 ‚
853 1613 898 1659 in
925 1613 1174 1660 cubiculum
1198 1613 1241 1661 se
1269 1614 1389 1680 quali

98 1686 346 1748 gustaturus
367 1686 553 1732 contulit
572 1704 583 1733 :
609 1699 652 1733 et
670 1686 849 1733 dimiffis
870 1687 1014 1749 pueris
1029 1719 1043 1742 ‚
1064 1689 1278 1752 quaedam
1308 1705 1389 1753 per

98 1756 359 1813 fenestram,
400 1770 448 1805 ut
485 1759 712 1805 videretur
742 1758 874 1805 edisse
894 1794 908 1816 ‚
945 1759 1160 1822 proiecit:
1193 1778 1218 1807 a
1248 1778 1390 1810 coena

100 1830 283 1887 deinde,
302 1831 418 1894 quali
438 1830 523 1877 iam
545 1831 641 1878 satis
662 1831 706 1877 in
733 1831 941 1878 cubiculo
964 1832 1136 1892 edisset,
1157 1833 1359 1882 abstinuit
1375 1853 1389 1882 ε

99 1905 325 1967 alteroque
352 1904 422 1951 die
438 1941 451 1962 ‚
477 1919 521 1951 et
548 1904 679 1952 tertio
697 1905 811 1951 idem
837 1904 957 1953 fecit.
981 1908 1154 1966 Quarto
1171 1943 1185 1966 ‚
1211 1909 1299 1971 ipsa
1318 1909 1392 1957 in·-

100 1976 305 2023 firmitate
325 1977 527 2039 corporis
545 1975 731 2025 faciebat
749 1978 976 2026 indicium.
1006 1980 1281 2044 Complexus
1305 1982 1392 2029 ita-

100 2069 188 2116 que
216 2068 257 2100 te
272 2088 285 2109 ‚
317 2051 543 2098 Cariffima
558 2088 571 2110 ,
597 2052 740 2115 inquit
756 2090 769 2111 ‚
791 2052 878 2100 filia
894 2091 906 2111 ‚
927 2069 972 2102 et
998 2055 1086 2102 hoc
1112 2073 1245 2102 unum
1262 2091 1275 2115 ,
1298 2068 1390 2105 tota

102 2126 238 2172 celata
256 2127 369 2184 vita,
384 2127 467 2174 iter
488 2127 645 2174 mortis
661 2127 871 2190 ingressus
892 2128 982 2174 ssim
1000 2164 1012 2184 ‚
1033 2142 1076 2176 et
1090 2128 1178 2175 iam
1198 2130 1392 2177 medium

101 2197 194 2245 fere
220 2212 366 2246 teneo.
398 2201 630 2246 Revocare
663 2217 733 2247 me
761 2218 840 2249 nec
869 2201 1026 2260 debes,
1050 2219 1129 2249 nec
1151 2215 1290 2265 potes.
1310 2206 1393 2251 At·-

102 2288 188 2333 que
217 2274 274 2318 ita
294 2274 441 2320 lumen
463 2289 596 2320 omne
622 2274 843 2336 praecludi
859 2274 974 2321 iussit
988 2306 1000 2329 ‚
1021 2287 1064 2321 et
1082 2275 1123 2321 se
1141 2275 1186 2321 in
1205 2275 1396 2323 tenebris

104 2346 318 2393 condidit.
354 2348 553 2410 Cognito
588 2348 772 2394 consilio
806 2348 898 2395 eius
923 2383 938 2406 ‚
975 2347 1149 2411 publica
1187 2348 1396 2413 voluptas

104 2432 220 2475 erat,
242 2421 364 2482 quod
384 2437 406 2466 e
432 2421 625 2470 t'aucibus
643 2421 993 2469 avidiffimorum
1009 2422 1215 2485 luporum
1233 2422 1397 2469 educe-

104 2506 226 2540 retur
258 2494 428 2555 pracda.
466 2493 780 2553 Accusatores,
805 2495 966 2544 Seiano
997 2496 1206 2555 auclore,
1233 2497 1407 2546 adeunt

171 2561 220 2606 L.
248 2562 373 2606 Arm.
403 2563 571 2606 Seneca.
601 2562 693 2606 Vol.
715 2562 755 2608 I.
1107 2560 1164 2608 *O
