1741 2919
294 157 390 206 270
554 141 601 187 L.
646 139 948 186 ANNAEI
999 138 1352 186 SENECAE

292 250 374 299 tibi
404 246 637 296 blandiaris
654 283 668 304 ,
700 246 801 294 duci
824 261 867 294 te
892 247 988 293 iuffi
1008 265 1018 293 :
1040 247 1213 293 Gratias
1229 282 1242 305 ,
1264 245 1436 310 inquit,
1465 261 1578 310 ago,

293 322 465 386 optime
477 320 699 384 princeps.
720 319 844 379 Quid
863 319 1066 378 senserit,
1091 319 1280 366 dubito:
1302 317 1436 367 multa
1463 321 1578 366 enim

294 407 540 444 occurrunt
561 393 683 439 mihi,
705 391 1063 439 Contumeliosus
1081 392 1167 439 effe
1189 392 1333 440 voluit
1348 428 1361 450 ,
1381 404 1422 439 et
1442 392 1583 438 osten-

296 470 400 518 dere
421 481 585 531 quanta
615 465 843 513 crudelitas
862 465 966 513 effet
982 501 994 524 ‚
1013 465 1058 512 in
1076 482 1161 529 qua
1180 482 1301 512 mors
1320 464 1583 511 beneficium

296 540 424 589 erat?
461 540 532 585 An
564 538 852 601 exprobravit
878 538 939 584 illi
963 539 1265 602 quotidianam
1290 538 1584 584 dementiam?

297 614 482 679 agebant
515 611 633 658 enim
664 610 822 674 gratias
842 645 854 665 ,
889 622 931 656 et
964 626 1154 673 quorum
1185 610 1310 657 liberi
1345 611 1505 668 occisi,
1544 623 1588 658 et

297 705 493 754 quorum
512 687 629 733 bona
655 686 792 732 ablata
809 695 944 731 erant.
968 689 1036 730 An
1050 697 1253 749 tanquam
1272 685 1515 734 libertatem
1533 685 1588 731 li-

296 763 451 810 benter
472 758 675 821 accepit?
695 757 928 819 Quidquid
947 754 1007 803 est
1021 790 1034 811 ‚
1055 774 1216 821 magno
1235 759 1383 804 animo
1407 758 1588 821 respon-

302 836 380 883 dit.
399 835 535 881 Dicet
560 831 717 894 aliquis
736 849 745 878 :
766 831 915 877 Potuit
932 831 1028 893 post
1054 833 1157 879 haec
1183 832 1332 879 iubere
1360 832 1481 879 ilium
1501 833 1591 879 Ca-

302 908 370 956 ius
398 907 566 956 vivere.
599 906 705 952 Non
737 905 881 953 timuit
902 906 989 953 hoc
1009 907 1170 954 Canus.
1194 919 1298 953 rota
1315 919 1405 953 erat
1425 907 1520 953 Caii
1546 906 1592 953 in

304 984 463 1032 talibus
496 981 694 1044 imperiis
724 979 844 1027 fides.
885 981 1128 1038 Credisne,
1156 981 1278 1028 illum
1312 983 1464 1030 decem
1497 999 1593 1028 me-

307 1058 408 1105 dios
438 1072 576 1117 usque
609 1055 661 1100 ad
683 1053 942 1117 supplicium
966 1055 1058 1101 dies
1083 1055 1170 1101 fine
1196 1055 1279 1102 ulla
1306 1054 1595 1103 sollicitudine

308 1129 531 1192 exegisse?
561 1126 800 1174 verisimile
831 1143 921 1173 non
948 1127 1033 1186 est,
1068 1144 1177 1189 quae
1206 1128 1279 1175 vir
1303 1127 1374 1175 ille
1405 1128 1562 1175 dixerit
1580 1163 1596 1186 ,

308 1219 422 1267 quae
453 1200 634 1255 fecerit,
664 1216 796 1263 quam
827 1199 870 1244 in
892 1201 1127 1264 tranquillo
1153 1199 1294 1248 fuerit.
1320 1202 1516 1249 Ludebat
1532 1202 1597 1247 la-

310 1274 535 1329 trunculis,
554 1289 654 1319 cum
675 1271 891 1330 centurio,
913 1289 1068 1337 agmen
1091 1272 1386 1336 periturorum
1405 1275 1598 1330 trahens,

310 1348 436 1396 illum
454 1362 633 1409 quoque
651 1345 833 1391 excitari
851 1345 984 1393 iubet.
1004 1349 1200 1393 Vocatus
1213 1382 1226 1404 ,
1249 1346 1494 1395 numeravit
1511 1347 1597 1393 cal-

311 1421 463 1478 culos,
493 1431 536 1465 et
556 1418 690 1465 sodali
709 1418 814 1475 suo,
834 1418 975 1472 Vide,
1009 1419 1177 1482 inquit,
1202 1435 1255 1465 ne
1281 1418 1378 1481 post
1406 1432 1598 1465 mortem

314 1513 458 1545 meam
481 1492 701 1539 mentiaris
719 1508 762 1539 te
777 1492 942 1540 vicisse.
964 1495 1081 1540 Tum
1106 1510 1299 1540 annuens
1314 1493 1563 1541 centurioni
1583 1528 1599 1550 ‚

316 1569 458 1616 Testis
474 1599 488 1622 9
510 1565 682 1629 inquit,
716 1565 798 1611 eris
814 1602 826 1623 ,
847 1582 938 1612 uno
967 1583 1037 1612 me
1066 1566 1337 1613 antecedere.
1374 1565 1532 1612 Lusisse
1552 1577 1602 1611 tu

317 1643 491 1689 Canum
517 1639 589 1684 illa
610 1637 752 1684 tabula
772 1650 895 1699 putas
913 1639 929 1685 ?
958 1638 1097 1685 illusit.
1118 1638 1282 1685 Tristes
1301 1651 1423 1685 erant
1443 1638 1605 1697 amici,

318 1714 451 1761 talem
481 1711 674 1758 amissuri
705 1711 868 1760 virum.
904 1714 1027 1773 Quid
1050 1714 1230 1773 moesti,
1266 1714 1436 1778 inquit,
1465 1712 1603 1760 estis?

323 1791 422 1835 Vos
452 1784 658 1850 quaeritis
673 1821 685 1842 ‚
706 1803 760 1831 an
781 1786 1054 1847 immortales,¹
1073 1788 1241 1835 animae
1271 1788 1350 1834 smt
1371 1806 1382 1834 ε
1402 1804 1486 1850 ego
1518 1787 1604 1833 iam

323 1861 470 1910 sciam.
492 1877 572 1907 nec
590 1858 715 1906 defiit
733 1859 775 1905 in
798 1859 894 1922 ipso
912 1861 1143 1908 veritatem
1164 1860 1248 1907 fine
1272 1860 1470 1917 scrutari,
1490 1871 1532 1906 et
1552 1874 1607 1905 ex

325 1950 474 1982 morte
510 1932 583 1979 sua
620 1929 919 1994 quaestionem
952 1933 1127 1980 habere.
1170 1931 1517 1995 Prosequebatur
1548 1928 1608 1975 il·-
1672 1947 1677 1949 ’

325 2008 419 2055 lum
439 2005 725 2070 phiiosophus
751 2006 883 2052 suus:
906 2023 986 2053 nec
1004 2007 1089 2052 iam
1109 2005 1262 2065 procul
1282 2016 1372 2051 erat
1392 2002 1540 2050 tumul·
1534 2018 1583 2048 us
1594 2037 1611 2058 ‚

328 2079 376 2126 in
400 2095 493 2145 quo
530 2077 703 2123 Caesari
737 2077 843 2151 Deo
874 2078 1026 2125 nostro
1051 2076 1181 2124 fiebat
1206 2076 1511 2141 quotidianum
1544 2075 1612 2121 sa·

330 2169 474 2200 crum.
495 2150 646 2212 Quid,
670 2144 839 2213 inquit,
863 2151 1012 2210 Cane,
1037 2168 1156 2199 nunc
1179 2149 1380 2214 cogitas?
1402 2162 1475 2195 aut
1500 2163 1614 2212 quae

333 2226 415 2274 tibi
441 2241 564 2271 mens
593 2223 682 2270 est?
715 2216 993 2282 Observare,
1019 2224 1163 2288 inquit
1198 2224 1370 2280 Canus,
1400 2220 1616 2285 proposui

333 2300 415 2348 ino
444 2296 720 2346 velociffimo
751 2308 1015 2355 momento,
1045 2313 1099 2342 an
1123 2296 1320 2343 sensurus
1344 2295 1395 2341 sit
1423 2294 1616 2350 animus,

338 2374 407 2420 exi
412 2390 458 2419 re
490 2373 544 2419 se.
570 2370 884 2434 promisitque,
914 2369 945 2416 fi
978 2370 1085 2433 quid
1107 2387 1204 2432 exp
1193 2368 1391 2426 !‚orass‘et
1416 2365 1617 2414 circumi·

338 2459 487 2495 turum
514 2461 602 2491 ami
607 2459 705 2504 COS,
730 2457 773 2491 et
799 2442 1090 2491 indicaturum
1119 2441 1215 2507 quis
1243 2440 1348 2490 effe-t
1373 2438 1616 2487 animarum
