1741 2919
321 159 379 207 50
555 153 603 199 L.
656 152 950 217 A'NNAEI
1003 154 1358 202 SENECAE

312 273 405 304 tum
429 246 673 303 sermonem
695 257 787 304 cito
810 258 1005 321 abrupit,
1025 259 1097 308 ille
1118 261 1173 306 ad
1193 277 1378 308 coenam
1398 277 1489 308 non
1511 271 1599 311 vo=³

310 331 450 389 cavit,
467 330 579 376 illius
603 330 751 377 vultus
772 330 964 381 aversior
989 331 1105 379 visus
1131 332 1205 378 est.
1236 334 1344 378 Non
1375 333 1513 381 deerit
1531 335 1597 381 fu-

309 396 497 484 spicioni
515 404 865 467 argumentatio:
898 405 1171 467 fimplicitate
1193 423 1306 469 opus
1324 405 1410 464 est,
1444 420 1487 455 et
1515 409 1596 455 be·-

307 477 439 540 nigna
458 493 604 523 rerum
627 476 940 526 aestimatione.
972 479 1092 525 Nihil
1119 479 1196 525 nisi
1219 480 1377 543 quod
1368 498 1412 526 m
1439 483 1595 530 oculos

305 551 533 609 incurret,
559 543 925 615 manifestumque
945 554 1055 609 erit,
1081 556 1340 602 credamus:
1362 570 1405 602 et
1423 558 1596 619 quoties

303 625 493 688 suspicio
521 624 668 671 nostra
693 643 804 674 vana
824 628 1100 687 apparuerit,
1131 629 1418 692 obiurgemus
1436 631 1595 676 credu-
1630 686 1632 689 v

302 700 486 746 litatem.
511 701 631 746 Haec
652 699 771 745 enim
792 699 1016 763 castigatio
1043 702 1406 749 consuetudinem
1433 704 1594 753 efficiet

301 791 393 821 non
415 773 542 820 facile
570 773 790 821 credendi.

365 847 519 893 XXV.
537 847 642 893 Inde
663 859 705 892 et
723 846 829 892 illud
849 846 1072 909 sequitur3
1101 861 1149 895 ut
1168 849 1362 898 minimis
1381 851 1592 898 sordidis-

299 935 385 984 que
407 921 533 989 rebus
563 935 655 965 non
673 920 1003 967 exacerbemur.
1031 923 1185 967 Parum
1213 922 1334 985 agilis
1355 923 1416 971 est
1446 942 1554 988 puer
1572 959 1587 983 ,

298 1010 372 1041 aut
410 994 546 1056 tepidi
550 1010 602 1039 or
641 1010 751 1056 aqua
782 993 907 1056 potui
926 1029 941 1051 ‚
978 1009 1052 1040 aut
1087 995 1286 1042 turbatus
1313 1007 1437 1043 torus
1460 1033 1474 1055 ‚
1513 1010 1589 1046 aut

298 1066 444 1114 mensa
472 1066 756 1129 negligentius
778 1064 928 1130 posta
965 1066 1032 1112 Ad
1054 1066 1132 1113 ista
1155 1067 1395 1127 concitari,
1425 1056 1589 1118 insania

295 1143 369 1189 est.
389 1158 517 1206 aeger
535 1153 580 1189 et
597 1141 785 1188 infelicis
814 1129 1076 1195 valetudinis
1094 1141 1156 1188 est
1173 1178 1187 1200 ,
1211 1159 1343 1205 quem
1361 1143 1470 1191 levis
1487 1162 1588 1192 aura

293 1217 548 1265 contiaxit:
571 1215 713 1262 affeffi
744 1216 888 1274 oculi,
916 1231 1030 1278 quos
1057 1214 1243 1261 candida
1271 1213 1401 1262 vestis
1427 1216 1587 1264 obtur-

293 1292 367 1338 bat
382 1309 393 1338 :
411 1290 639 1337 dissolutus
654 1290 829 1336 deliciis
841 1325 853 1347 ‚
875 1290 995 1336 cuius
1012 1290 1121 1335 latus
1138 1288 1282 1335 alieno
1302 1289 1453 1352 labore
1471 1307 1585 1339 con-

293 1364 448 1413 doluit.
466 1363 771 1426 Mindyridem
791 1363 910 1409 aiunt
928 1361 1055 1409 fuiffe
1073 1379 1129 1409 ex
1151 1362 1454 1427 Sybaritarum
1473 1364 1584 1412 civi-

291 1450 379 1486 tate
405 1456 415 1484 :
447 1436 524 1500 qui
550 1453 650 1484 cum
677 1434 850 1484 vidiffet
877 1434 1123 1483 fodientem
1144 1471 1159 1494 ,
1180 1447 1224 1482 et
1249 1436 1373 1482 altius
1399 1436 1581 1484 rastrum

290 1512 552 1561 allevantem
567 1547 581 1567 ‚
599 1509 749 1557 laffum
770 1510 812 1557 se
832 1509 927 1557 fieri
946 1510 1144 1573 questus,
1164 1510 1304 1558 vetuit
1328 1510 1450 1557 illum
1470 1528 1584 1575 opus

289 1586 338 1634 in
370 1584 610 1648 conspectu
645 1584 724 1631 suo
753 1584 912 1632 facere.
944 1584 1063 1646 idem
1095 1584 1260 1647 saepius
1287 1585 1461 1646 questus
1493 1586 1583 1645 est,

287 1659 417 1723 quod
439 1658 558 1705 foliis
576 1658 698 1705 rosae
717 1657 947 1721 duplicatis
972 1657 1242 1705 incubuisset.
1269 1658 1361 1704 Ubi
1384 1659 1579 1707 animum

286 1731 416 1779 fimul
439 1744 484 1778 et
509 1747 672 1794 corpus
700 1732 949 1794 voluptates
972 1748 1211 1793 corrupere
1235 1763 1250 1786 ‚
1283 1731 1389 1777 nihil
1416 1733 1579 1780 tolera-

287 1805 376 1852 bile
405 1804 614 1853 videtur':
647 1821 737 1850 non
764 1805 868 1867 quia
893 1806 1028 1862 dura,
1053 1805 1126 1851 sed
1158 1804 1259 1867 quia
1287 1804 1444 1851 molles
1465 1805 1575 1868 pati-

284 1897 400 1928 mur.
426 1878 550 1940 Quid
568 1879 688 1926 enim
711 1878 772 1926 est
792 1897 872 1926 cur
890 1879 1009 1926 tuffis
1030 1879 1234 1936 alicuius,
1265 1890 1338 1924 aut
1360 1878 1575 1926 sternuta-

284 1965 517 2011 mentum,
545 1964 618 2000 aut
646 1953 790 2000 musca
817 1970 973 2016 parum
1008 1952 1179 1999 curiose
1212 1952 1356 2018 fugata
1377 1985 1392 2009 ,
1420 1969 1502 2000 nos
1526 1953 1573 1999 in

281 2030 450 2077 rabiem
472 2041 598 2092 agat,
623 2039 693 2074 aut
714 2027 972 2074 obversatus
994 2026 1111 2074 canis
1126 2059 1140 2082 ‚
1169 2043 1242 2073 aut
1265 2026 1403 2074 clavis
1433 2025 1571 2089 negli-

280 2104 420 2168 gentis
438 2103 552 2150 servi
573 2101 773 2148 manibus
795 2102 934 2164 elapsa
952 2102 970 2148 ἓ
1001 2104 1124 2148 Feret
1151 2099 1228 2147 iste
1255 2117 1399 2164 aequo
1421 2101 1571 2146 animo

278 2178 414 2226 civile
434 2177 708 2233 convicium,
729 2190 771 2224 et
790 2177 955 2241 ingesta
974 2176 1019 2222 in
1038 2176 1259 2223 concione
1285 2175 1460 2222 curiave
1477 2191 1569 2220 ma-

277 2250 460 2309 lediffl,
492 2250 615 2298 cuius
640 2267 764 2298 aures
786 2251 911 2298 tracti
938 2249 1122 2297 subsellii
1152 2248 1312 2296 stridor
1343 2247 1567 2294 offendit?

278 2322 551 2384 Perpetietur
579 2322 652 2369 hic
677 2322 839 2370 famem
859 2359 873 2380 ,
892 2338 936 2370 et
967 2321 1152 2369 aestivae
1188 2319 1482 2383 expeditionis
1509 2318 1563 2365 fi-

277 2395 384 2451 tim,
414 2399 490 2460 qui
509 2415 649 2460 puero
671 2400 782 2446 male
814 2399 996 2446 diluenti
1028 2398 1177 2444 nivem
1199 2429 1213 2452 ‚
1233 2397 1464 2445 irascitur?

342 2469 518 2517 XXVI.
550 2471 682 2518 Nulla
710 2471 857 2535 itaque
886 2488 955 2518 res
986 2471 1125 2534 magis
1156 2469 1429 2521 iracundiam
1457 2468 1563 2525 alit,
