1741 2919
329 145 441 177 xxx
574 130 921 176 NOTITIA
977 132 1389 180 LITERARIA

334 315 431 395 1503
488 303 623 342 Venet.
645 301 692 342 Π.
720 300 786 341 fol.

451 387 460 397 .
491 383 539 388 ---
564 357 603 395 in
624 365 749 395 morte
771 355 922 396 Claudii
943 355 1108 396 Caesaris
1137 357 1249 397 ludus
1271 370 1392 408 nuper
1417 365 1601 409 repertus.

493 411 671 463 (Edente
704 413 743 449 C.
759 411 947 461 Sylvano,
977 410 1202 451 Germanico
1217 412 1355 461 ,)s1ne
1377 412 1520 451 indicio
1537 427 1602 452 an-

489 464 530 502 ni
557 467 591 504 ἃ
616 463 693 503 loci
720 440 984 514 impressionis,
1010 478 1046 511 4.
1080 465 1266 515 Epistola,
1305 479 1377 516 qua
1416 465 1600 517 Sylvanus

489 517 591 556 hanc
617 518 828 557 editionem
859 517 1023 567 Principi
1053 517 1162 569 Carp.
1188 520 1343 560 Alberto
1372 520 1466 570 Pio,
1495 520 1600 560 dedi-

491 572 613 619 cavit,
643 572 782 623 scripta
808 572 859 610 est
881 572 1029 612 Romae
1062 582 1171 626 1513

487 625 704 665 florentiae
732 626 767 665 8.
794 626 898 676 apud
918 626 1082 665 Iuntamr

461 713 725 754 AETAS
781 714 848 754 ΙΙ.
907 714 1464 755 ERASMIANA.

328 788 417 829 Eius
444 790 624 840 princeps
651 790 724 828 fuit
763 791 943 841 Erasmus.
972 788 1141 828 Comites
1168 789 1205 828 se
1237 791 1441 830 adiunxere
1457 791 1599 836 Beatus

491 845 686 883 Rhenanus
699 874 710 891 ,
726 843 948 883 Matthaeus
962 845 1178 882 Fortunatus
1192 874 1204 889 ,
1227 843 1376 884 Ferdin.
1390 847 1600 893 Pintianus,

493 899 529 936 δε
559 898 622 948 qui
657 898 829 948 inprimis
864 897 911 935 de
946 898 1089 936 Seneca
1124 897 1221 935 bene
1250 899 1406 937 meritus
1439 899 1511 948 est,
1540 900 1597 938 Ν

491 953 579 990 Ant.
614 954 790 990 Muretus.
815 953 961 1001 Agmen
983 950 1129 989 claudit
1154 951 1267 990 Dion.
1293 952 1535 1004 Gothoftedus.

333 1017 429 1059 1515
488 1006 631 1058 Erasmi
655 1007 684 1045 I.
707 1005 772 1044 sol.
793 1007 878 1045 Sen.
905 1004 1112 1043 lucubratt.
1140 1018 1297 1054 omnes,
1321 1006 1459 1045 additis
1484 1008 1600 1046 etiam

490 1058 708 1108 nonnullis
731 1060 883 1120 Erasmi
895 1061 1057 1098 Roterod.
1074 1071 1191 1108 cura,
1213 1059 1237 1098 fi
1260 1072 1340 1098 non
1355 1059 1400 1099 ab
1424 1061 1600 1100 omnibus

491 1122 596 1151 certe
624 1113 670 1152 ab
696 1113 904 1151 innumeris
935 1113 1083 1151 mendis
1117 1122 1353 1164 repurgatae.
1387 1114 1431 1153 In
1457 1114 1553 1165 incly
1551 1124 1600 1154 ta

492 1167 718 1206 Germaniae
751 1167 917 1215 Baiilea,
949 1167 1004 1206 10.
1033 1166 1197 1207 Froben.
1229 1167 1294 1206 fol.
1322 1167 1471 1207 Dicavit
1499 1168 1598 1207 hanc

490 1221 702 1260 editionem
728 1221 903 1261 Erasmus
920 1220 1095 1260 Thomae
1111 1220 1294 1260 Ruthallo
1319 1221 1506 1272 Episcopo
1522 1222 1600 1262 Du-

488 1274 694 1323 nelmensi,
719 1275 874 1315 testatus
899 1275 935 1314 se
963 1273 1071 1312 usum
1095 1275 1245 1314 duobus
1269 1275 1473 1314 Codicibus
1486 1276 1596 1316 MSS.

488 1328 580 1367 licet
620 1343 698 1368 non
735 1328 916 1379 optimis,
950 1330 984 1368 &
1021 1329 1068 1367 ad
1097 1338 1260 1378 quatuor
1290 1328 1409 1368 millia
1443 1331 1598 1369 menda-

487 1395 575 1420 rum
599 1382 790 1423 sustulisse.
820 1382 1006 1422 Praefatio
1027 1383 1169 1422 Erasmi
1191 1384 1229 1421 in
1256 1384 1438 1423 Senecam
1461 1382 1597 1434 legitur

487 1436 600 1482 inter,
623 1438 703 1476 eius
733 1436 916 1488 Epistulas
957 1437 1028 1485 28,
1070 1451 1125 1476 12.
1161 1437 1399 1488 Scriptorum
1433 1438 1597 1478 Senecae

486 1490 769 1541 suppositorum
792 1492 980 1542 quaedam
1005 1490 1053 1529 ad
1074 1491 1219 1530 calcem
1240 1492 1490 1542 reperiuntur.
1527 1494 1599 1531 Lu.

489 1546 556 1582 a'us
575 1546 611 1583 in
638 1546 819 1585 Claudium
835 1576 846 1594 ,
871 1546 910 1583 in
933 1545 1134 1585 Germania
1158 1546 1325 1595 primum
1347 1546 1596 1594 inventus,in

487 1597 562 1637 hac
582 1600 751 1638 editione
772 1612 860 1638 cum
884 1599 986 1638 notis
1013 1599 1119 1638 Beati
1144 1598 1321 1639 Rhenani
1344 1598 1509 1650 primum
1524 1600 1596 1638 im-

487 1652 631 1703 pressus
659 1654 720 1693 est.
746 1654 892 1693 Prodiit
918 1654 1021 1692 idem
1045 1651 1197 1692 libellus
1219 1653 1378 1692 iunc'tim
1403 1666 1491 1692 cum
1512 1653 1594 1693 aliis

489 1707 626 1746 eodem
652 1721 763 1747 anno.

329 1760 429 1816 1518
487 1762 573 1800 Sen.
610 1760 723 1800 ludus
751 1762 798 1800 de
837 1768 960 1799 morte
991 1759 1139 1802 Claudii
1172 1760 1372 1810 Caesaris,
1401 1774 1522 1811 nuper
1554 1762 1593 1799 in

489 1815 691 1855 Germania
718 1824 892 1866 repertus
915 1827 1003 1853 cum
1028 1815 1180 1854 scholiis
1206 1817 1311 1854 Beati
1331 1792 1508 1855 R’lzenani.
1527 1816 1594 1866 Sy-

487 1884 553 1920 nes
537 1870 599 1906 us
619 1869 837 1920 Cyrenensis
863 1869 911 1908 de
934 1868 1110 1915 laudihus
1136 1868 1312 1917 Calvitii,
1332 1870 1462 1907 Ioanne
1476 1870 1593 1907 Phrea

483 1923 667 1962 Britanno
697 1924 936 1974 interprete
971 1935 1059 1963 cum
1092 1918 1241 1962 scholiis
1278 1923 1384 1961 Beati
1417 1924 1594 1963 Rhana-zi,

484 1977 522 2014 E
525 1978 629 2030 rzsmz
652 1981 752 2016 Rota·
744 1978 872 2016 voa'ami
898 1978 1042 2016 moriae
1066 1977 1309 2024 encomium,
1334 1988 1422 2014 cum
1449 1989 1588 2015 commi

490 2031 662 2068 Gerhardi
683 2033 809 2084 Listrii.
837 2030 917 2070 Bas.
941 2031 1081 2081 ap.Io.
1105 2030 1266 2070 Froben.
1291 2029 1417 2068 mense
1432 2030 1587 2070 Martio.

483 2084 530 2124 111
569 2085 833 2133 dedicatione,
867 2084 1043 2124 Rhenani
1082 2085 1131 2124 ad
1155 2078 1295 2124 Thom.
1331 2084 1455 2133 Rapp
1496 2083 1591 2122 haec

484 2137 688 2188 leguntur:
714 2139 800 2179 Hoc
819 2115 984 2178 Senecae
1005 2139 1263 2189 fragmentum
1288 2149 1410 2187 nuper
1434 2138 1473 2175 in
1501 2138 1591 2177 Ger

485 2192 614 2231 mania
644 2202 862 2243 repertum,
884 2192 989 2231 velut
1011 2192 1244 2242 antiquitatis
1259 2204 1451 2241 gemmam
1474 2204 1589 2241 quan-

483 2246 595 2293 dam,
624 2245 774 2285 scholiis
801 2259 848 2285 ex
875 2246 1057 2286 Suetonio
1083 2247 1119 2285 Sc
1146 2245 1283 2285 Tacito
1313 2244 1590 2284 tumultuantes

483 2299 1028 2348 adnotatis,illustravimus,
1066 2312 1140 2349 quo
1173 2299 1292 2349 magiS
1323 2299 1371 2337 ad
1400 2298 1439 2337 se
1474 2298 1590 2338 lecto-

483 2365 566 2391 rem
596 2380 644 2386 ---
673 2354 819 2392 invitet.
844 2355 1011 2403 ingenue
1031 2366 1161 2392 tamen
1186 2353 1351 2391 fatemur
1367 2383 1377 2400 ,
1406 2353 1478 2391 effe
1503 2353 1585 2392 loca

485 2408 698 2455 quaedam,
726 2407 791 2446 ubi
821 2408 1044 2447 conieciuris
1068 2414 1219 2445 tanturn
1244 2407 1294 2444 uli
1322 2405 1478 2454 sumus,
1505 2407 1588 2445 nul-

478 2457 559 2500 lam
590 2459 853 2502 historicorum
879 2461 1144 2501 auctoritatem
1170 2459 1300 2500 secuti.
1325 2482 1375 2495 ⁴--
1405 2462 1463 2501 Ad
1490 2459 1586 2499 haee
