1741 2919
303 169 393 201 too
522 156 576 201 L.
628 154 940 201 ANNAEI
990 151 1359 200 SENECAE

295 280 404 310 num
420 278 580 320 voces,
601 273 644 308 et
664 260 863 308 fremitus
887 261 1140 308 animalium
1161 262 1442 326 latratusque.
1460 260 1584 323 Quid

293 336 425 382 miser
463 334 715 398 expavescis
750 335 806 381 ad
838 335 1079 381 clamorem
1107 334 1221 382 servi
1241 370 1256 392 ,
1289 335 1344 381 ad
1375 334 1586 382 tinnitum

290 409 404 455 aeris
420 444 433 467 ,
453 409 506 454 ad
530 408 683 454 ianuae
709 407 981 471 impulsum?
1010 424 1112 455 cum
1136 419 1226 454 tam
1252 407 1462 455 delicatus
1485 408 1585 455 fue-

293 484 381 542 ris,
411 483 607 529 tonitrua
643 483 859 529 audienda
893 482 1002 529 sunt.
1028 483 1132 529 Hoc
1169 483 1295 547 quod
1326 482 1382 528 de
1411 482 1587 529 auribus

293 556 459 602 dictum
477 555 539 601 est
554 592 568 614 ‚
589 554 778 603 transfer
799 556 852 602 ad
873 555 1034 603 oculos
1054 574 1067 603 :
1086 556 1163 620 qui
1183 573 1276 603 non
1298 555 1443 603 minus
1464 555 1585 602 fasti—

293 632 372 678 dio
399 631 625 687 laborant,
653 631 683 678 fi
702 631 814 678 male
832 631 1014 678 instituti
1035 631 1145 678 sunt.
1161 631 1331 678 macula
1349 630 1586 679 offendun-

292 716 365 753 tur
403 718 446 752 et
485 705 686 753 sordibus
702 741 715 764 ,
753 718 796 752 et
827 717 1012 769 argento
1045 722 1201 769 parum
1243 700 1503 768 splendido,
1542 717 1585 752 et

292 777 445 841 stagno
477 794 569 824 non
602 778 657 824 ad
690 777 826 825 solem
860 777 1124 841 perlucente.
1157 777 1217 823 Hi
1243 794 1403 841 nempe
1434 778 1585 836 oculi,

292 853 369 916 qui
402 866 494 897 non
533 850 682 898 ferunt
711 850 788 897 nisi
821 849 996 899 varium
1025 866 1075 897 ac
1102 850 1267 897 recenti
1313 866 1416 897 cura
1445 850 1586 899 nitens

293 943 521 985 marmor,
551 927 629 990 qui
650 925 841 973 mensam
864 921 941 972 nifi
964 925 1129 973 crebris
1158 923 1398 972 distinctam
1429 926 1552 972 venis
1569 960 1585 984 ,

291 1002 368 1065 qui
387 1002 544 1048 nolunt
562 1001 686 1047 domi
708 998 786 1046 nifi
808 1015 918 1046 auro
938 999 1131 1063 pretiosa
1152 999 1318 1046 calcare
1348 1015 1359 1042 ε
1385 998 1587 1062 aequissi-

292 1092 371 1131 mo
402 1075 554 1121 animo
581 1073 692 1121 foris
721 1086 763 1120 et
788 1073 956 1121 scabras
980 1072 1234 1135 lutosasque
1262 1072 1433 1120 semitas
1461 1063 1586 1134 spec-

291 1160 412 1206 tant‚
441 1162 486 1195 et
513 1147 729 1194 maiorem
760 1157 925 1210 partem
956 1144 1290 1192 occurrentium
1311 1143 1548 1208 squalidam
1570 1180 1586 1204 ,

292 1222 477 1286 parietes
503 1221 733 1268 insularum
761 1219 911 1266 exesos
927 1252 940 1275 ‚
960 1219 1189 1276 ruinosos,
1209 1219 1472 1282 inaequales.

357 1296 582 1341 XXXVI.
606 1293 731 1354 Quid
750 1309 857 1357 ergo
881 1292 995 1339 aliud
1020 1291 1083 1339 est
1113 1291 1236 1355 quod
1268 1291 1367 1338 illos
1394 1291 1440 1336 in
1472 1291 1586 1354 pub-

291 1368 381 1416 lico
405 1385 497 1415 non
522 1367 718 1414 offendat
735 1403 748 1426 ‚
775 1366 899 1414 domi
918 1381 1129 1424 moveat,
1162 1382 1294 1429 quam
1317 1364 1475 1428 opinio
1496 1365 1585 1412 illic

293 1461 430 1508 aequa
449 1457 491 1490 et
511 1445 709 1507 patiens,
741 1443 865 1489 domi
886 1441 1063 1489 morosa
1092 1454 1136 1488 et
1166 1439 1383 1504 querula?
1417 1442 1588 1488 Omnes

291 1519 434 1565 sensus
454 1517 728 1581 perducendi
754 1516 919 1562 suntad
946 1514 1216 1561 firmitatem.
1242 1524 1391 1559 natura
1416 1512 1585 1575 patien-

291 1604 360 1639 tes
385 1593 506 1647 sunt‚
538 1592 569 1637 fi
590 1591 758 1638 animus
780 1591 877 1637 iilos
897 1589 1002 1636 defit
1027 1603 1316 1649 corrumpere
1337 1605 1347 1632 :
1370 1585 1446 1649 qui
1473 1601 1587 1649 quo-

291 1666 398 1713 tidie
423 1667 477 1712 ad
501 1665 719 1711 rationem
745 1664 1014 1721 reddendam
1037 1661 1266 1709 vocandus
1285 1659 1358 1707 est.
1387 1659 1587 1705 Faciebat

292 1740 381 1786 hoc
404 1739 600 1796 Sextius,
621 1753 671 1784 ut
695 1738 1005 1784 consummato
1026 1735 1095 1781 die
1109 1771 1122 1794 ,
1142 1752 1241 1781 cum
1269 1734 1310 1781 se
1332 1733 1386 1779 ad
1404 1734 1585 1779 noelur—

263 1816 265 1818 ’
293 1831 393 1859 nam
415 1813 610 1875 quietem
630 1811 884 1875 recepisset,
901 1810 1193 1872 interrogaret
1212 1808 1407 1853 animum
1429 1806 1580 1854 suum:

293 1887 434 1945 Quod
465 1886 600 1931 hodie
630 1885 791 1931 malum
825 1895 949 1929 tuum
985 1879 1168 1928 sanasti?
1200 1880 1270 1926 cui
1299 1878 1415 1926 vitio
1449 1877 1586 1924 obsti-

292 1956 378 2004 tisti
396 1956 414 2002 ἓ
435 1973 519 2020 qua
540 1968 661 2017 parte
680 1955 836 2002 melior
853 1971 898 2000 es
917 1953 934 1999 ?
954 1952 1137 1999 Desinet
1161 1951 1223 1998 ira
1238 1987 1250 2009 ,
1271 1961 1313 1997 et
1329 1950 1412 1996 erit
1429 1952 1587 1998 mode-

294 2031 430 2078 ratior
448 2068 460 2089 ,
492 2048 604 2094 quae
633 2031 735 2077 sciet
763 2029 842 2076 fibi
863 2027 1064 2091 quotidie
1093 2026 1146 2071 ad
1179 2025 1370 2071 iudicem
1388 2023 1475 2070 effe
1505 2041 1586 2072 ve-

294 2105 519 2151 niendum.
545 2105 667 2165 Quid
690 2121 795 2167 ergo
817 2101 1044 2165 pulchrius
1063 2100 1142 2146 hac
1163 2097 1478 2145 consuetudine
1504 2114 1585 2152 ex-

293 2177 486 2224 cutiendi
513 2191 658 2224 totum
679 2176 831 2223 diem?
852 2173 992 2238 qualis
1010 2172 1079 2219 ille
1104 2171 1282 2217 somnus
1300 2169 1398 2232 post
1423 2186 1586 2233 recog-

293 2251 510 2299 nitionem
546 2251 609 2297 sui
646 2248 867 2314 sequitur?
900 2264 1033 2311 quam
1067 2245 1328 2309 tranquillus
1351 2280 1365 2302 ‚
1392 2245 1501 2292 altus
1534 2262 1585 2292 ac

292 2323 402 2370 liber
417 2361 429 2380 ‚
453 2341 554 2370 cum
580 2338 656 2371 aut
676 2324 875 2370 laudatus
899 2321 959 2367 est
982 2320 1180 2376 animus,
1204 2331 1279 2366 aut
1297 2318 1551 2366 admonitus
1571 2362 1586 2383 ,

293 2413 337 2443 et
378 2397 626 2459 speculator
660 2397 721 2443 sui
761 2395 1007 2458 censorque
1041 2394 1229 2440 secretus
1266 2391 1493 2455 cognoscit
1529 2393 1585 2438 de

294 2470 493 2518 moribus
520 2470 636 2518 suis?
660 2473 779 2518 Utor
797 2470 878 2517 hac
905 2467 1146 2533 potestate,
1173 2479 1216 2516 et
1239 2466 1441 2533 quotidie
1466 2465 1588 2530 apud*
