1741 2919
473 147 581 206 DE
632 157 767 205 IRA
821 155 1125 204 L113.111,
1395 149 1457 212 87

156 262 338 312 demum
358 262 528 329 (ignum
555 263 755 328 receptui
788 262 924 311 dedit.
957 262 1254 311 Servabantur
1280 258 1459 307 interim

157 337 221 385 illi
242 339 478 402 generosae
495 326 630 396 aves,
649 350 693 385 et
714 337 1001 384 instrumenta
1035 336 1264 400 epularum
1284 336 1461 383 camelis

126 413 128 415 ’
157 412 467 460 vehebantur:
487 427 590 460 cum
611 410 872 457 sortirentur
897 408 1059 457 milites
1075 408 1194 468 eius,
1226 409 1326 473 quis
1344 408 1460 456 male

157 474 320 549 pe'riret
338 521 352 543 ,
377 485 475 549 quis
496 485 626 549 'peius
643 485 833 533 viveret.

227 559 358 605 XXI.
388 558 477 605 Hic
491 558 626 605 iratus
647 557 729 605 fuit
747 557 898 622 genti,
923 569 966 604 et
983 555 1185 620 ign—otae,
1202 568 1244 603 et
1263 554 1460 603 immeri-

162 642 256 687 tae,
276 630 470 678 sensurae
488 643 662 678 tamen:
681 632 833 695 Cyrus
851 630 1037 677 flumini.
1060 631 1175 675 Nam
1195 647 1295 678 cum
1316 630 1461 693 Baby-

159 705 310 752 lonem
330 715 664 768 oppugnaturus
691 704 913 752 festinaret
931 704 985 751 ad
1005 703 1165 762 bellum
1178 738 1191 760 ‚
1224 703 1346 750 cuius
1367 719 1460 749 ma-

161 777 283 824 xima
318 789 549 824 momenta
578 776 625 823 in
659 775 965 825 occasionibus
997 775 1123 834 sunt,
1146 776 1346 840 Gynden
1375 776 1461 823 late

160 851 304 900 susum
330 868 508 898 amnem
534 851 655 899 vado
677 851 857 899 tranfire
886 850 1074 899 tentavit
1095 868 1106 897 z
1130 851 1255 914 quod
1282 850 1358 899 vix
1388 863 1461 898 tu·-

158 939 256 973 tum
277 925 338 972 est
368 925 502 973 etiam
523 941 626 973 cum
653 924 779 972 sensit
803 924 1009 973 aestatem
1026 961 1040 982 ,
1069 937 1113 972 et
1137 925 1193 971 ad
1223 925 1460 971 minimum

157 996 372 1044 ded11&us
399 997 475 1045 est.
510 996 574 1044 Ibi
604 1014 715 1044 unus
745 1014 800 1044 ex
820 998 886 1045 his
913 997 1036 1062 equis
1054 1033 1068 1057 ‚
1102 997 1179 1062 qui
1201 997 1374 1045 trahere
1393 1013 1460 1044 re-

158 1069 282 1135 gium
308 1087 489 1119 currum
524 1071 610 1118 albi
648 1070 874 1129 solebant,
904 1071 1141 1134 abreptus,
1174 1070 1462 1117 vehementer

159 1143 415 1191 commovit
433 1159 596 1208 regem.
618 1143 782 1192 iuravit
800 1143 946 1207 itaque
961 1178 975 1199 ‚
1002 1133 1176 1190 amnem
1206 1142 1329 1190 illum
1347 1142 1461 1206 regis

159 1228 440 1265 commeatus
461 1216 751 1272 auferentem,
777 1233 834 1263 eo
860 1216 902 1264 se
919 1217 1196 1264 redaCturum
1214 1250 1227 1272 ‚
1249 1230 1296 1265 ut
1316 1217 1440 1266 trans
1441 1244 1458 1254 ·

160 1289 217 1337 iri
256 1290 506 1355 calcarique
539 1291 670 1338 etiam
711 1307 736 1336 a
768 1289 944 1337 feminis
976 1290 1130 1353 posset.
1169 1291 1271 1339 Huc
1302 1293 1461 1343 deinde

156 1380 341 1412 omnem
370 1365 584 1411 transtulit
603 1365 707 1411 belli
735 1377 993 1427 apparatum
1011 1401 1024 1424 ‚
1050 1379 1093 1412 et
1117 1367 1286 1413 tamdiu
1312 1366 1462 1414 assedit

160 1437 321 1499 operi,
344 1436 490 1484 donec
513 1450 543 1483 C
565 1452 608 1485 et
632 1452 751 1484 Lxxx
776 1437 987 1485 cuniculis
1008 1438 1196 1486 divisum
1217 1441 1393 1486 alveum
1415 1442 1462 1487 in

159 1525 262 1559 ccc
279 1524 322 1559 et
336 1526 394 1559 Lx
415 1512 539 1560 rivos
554 1513 850 1577 dispergeret,
878 1525 921 1559 et
943 1512 1102 1561 ficcum
1123 1513 1389 1576 relinqueret
1416 1515 1462 1561 in

161 1585 387 1633 diversum
418 1584 657 1634 fluentibus
683 1585 820 1650 aquiS.
853 1586 988 1633 Periit
1021 1587 1169 1651 itaque
1196 1600 1238 1634 et
1259 1599 1462 1656 tempps,

159 1675 320 1723 magna
345 1659 390 1705 in
422 1659 589 1723 magnis
619 1661 752 1708 rebus
783 1661 945 1709 iafiura
965 1696 979 1718 ,
1013 1673 1056 1709 et
1088 1662 1278 1709 militum
1305 1664 1464 1721 ardor,

162 1749 298 1796 quem
341 1732 506 1779 inutilis
543 1732 670 1780 labor
709 1733 868 1797 fregit,
902 1750 945 1783 et
976 1736 1151 1784 occafio
1182 1737 1465 1800 aggrediendi

160 1804 402 1868 imparatos
417 1841 432 1863 ‚
459 1805 564 1852 dum
587 1805 659 1854 ille
684 1807 852 1855 bellum
878 1808 1092 1856 indietum
1119 1809 1234 1875 hosti
1255 1824 1355 1858 cum
1377 1810 1465 1858 flu-

161 1894 284 1926 mme
311 1893 438 1941 gerit.

230 1952 380 1999 XXII.
410 1951 497 2001 Hic
528 1952 654 1999 furor
684 1952 828 2017 (quid
848 1953 966 2001 enim
984 1954 1103 2002 aliud
1122 1960 1290 2003 voces?
1317 1953 1338 2019 )
1368 1958 1467 2004 Ro-

161 2040 320 2073 manos
346 2041 531 2088 quoque
569 2026 774 2090 contigit.
809 2027 862 2072 C.
896 2026 1014 2073 enim
1037 2029 1197 2075 Caesar
1231 2029 1382 2076 villam
1420 2029 1467 2076 in

161 2098 480 2147 Herculanensi
499 2100 840 2162 pulcherrimam
855 2136 873 2158 ,
895 2101 998 2164 quia
1014 2114 1154 2150 mater
1175 2102 1249 2149 sua
1267 2102 1466 2165 aliquan-

165 2173 229 2220 do
248 2172 294 2219 in
313 2173 386 2220 illa
399 2174 619 2222 custodita
636 2189 729 2222 erat
743 2211 756 2234 ,
776 2176 935 2236 diruit,
955 2176 1150 2242 fecitque
1170 2178 1262 2225 eius
1280 2195 1360 2239 per
1380 2179 1471 2226 hoc

159 2245 402 2294 notabilem
421 2247 662 2296 fortunam.
703 2247 886 2297 stantem
899 2250 1016 2297 enim
1035 2251 1475 2314 praenavigabamus:

161 2336 282 2367 nunc
305 2320 427 2368 causa
445 2321 613 2369 dirutae
642 2323 882 2386 quaeritur.
915 2325 969 2372 Et
992 2324 1100 2371 haec
1122 2324 1357 2388 cogitanda
1376 2324 1475 2372 sunt

117 2440 125 2446 ,
163 2394 394 2456 exempla,
411 2412 524 2460 quae
542 2397 657 2445 vites
673 2414 687 2454 ;
706 2410 749 2444 et
768 2397 838 2443 illa
859 2413 883 2444 e
902 2398 1131 2444 contrario
1153 2433 1166 2454 ‚
1188 2415 1299 2462 quae
1317 2398 1475 2462 sequa-

165 2467 252 2529 τίς,
272 2469 504 2521 moderata
518 2506 534 2533 ,
547 2471 661 2522 lenia
676 2490 687 2521 :
705 2470 870 2537 quibus
886 2488 967 2523 nec
984 2473 1041 2522 ad
1057 2473 1334 2562 irascrendum
1351 2471 1478 2523 causa

640 2566 646 2569 -
1155 2554 1181 2585 ,c
1221 2555 1253 2600 ,ᾖ

1564 2393 1585 2411 ⁹«
