1741 2919
363 147 458 193 ΒΕ]
478 147 603 192 TRA
609 147 835 207 {IQLHLL
841 148 900 193 {T
904 148 986 192 ἃ*
956 162 1004 194 1
993 151 1023 194 *ἶ
1058 150 1244 196 ANtMt.
1347 165 1438 204 247

132 252 134 255 '
162 247 241 296 vit.
271 250 399 312 Opus
425 249 513 296 est
503 265 647 314 1taque
667 267 757 296 non
777 251 857 297 illis
879 252 1042 298 duriori
1032 253 1124 298 bu
1143 289 1154 309 ‚
1179 270 1317 317 quae
1306 230 1437 303 ἔξω

160 322 517 398 transcurrimus,
540 339 589 370 ut
618 324 774 371 alicubi
804 324 947 372 obstes
977 326 1085 382 tibi,
1110 326 1266 374 alicubi
1286 327 1438 374 irasca-
1524 362 1538 370 .-
1572 338 1583 365 ἓ

158 396 237 453 ris,
263 380 420 455 alicubi
454 361 583 444 inlles
609 396 818 469 gravissffi
852 400 919 445 secl
949 400 1009 446 ill
1013 402 1053 446 id
1085 401 1205 463 quod
1233 401 1435 450 ultimum

160 470 308 531 venit,
328 483 375 517 ut
405 471 534 518 fidem
567 472 646 518 tibi
675 472 855 529 habeas,
880 488 922 518 et
950 474 1063 519 reCla
1086 473 1148 519 ire
1175 472 1245 519 via
1271 486 1313 521 te
1335 492 1433 522 cre-

158 546 262 603 dtis,
291 545 399 591 nihil
430 560 640 593 avocatus
673 545 921 592 transversis
948 546 1188 592 multorum
1210 546 1433 611 vestigiis,
1471 590 1474 594 .

156 618 305 680 paffim
325 618 651 664 discurrentium
664 654 675 671 ,
696 617 977 680 quorundam
997 617 1110 664 circa
1126 617 1261 679 ipsam
1280 634 1432 665 erran-

155 692 263 738 tium
285 692 415 739 viam.
437 688 575 752 Quod
596 692 807 739 desideras
833 706 1000 747 autem,
1019 707 1226 754 magnum
1246 704 1288 737 et
1313 691 1434 739 sum·

155 782 276 811 mum
288 764 369 820 est,
391 766 586 828 Deoque
600 765 821 822 vicinum,
837 781 927 810 non
948 764 1141 810 concuti.
1158 765 1283 811 Hanc
1303 764 1432 812 stabi-

152 836 236 883 lem
253 837 387 883 animi
401 837 544 883 sedem
559 837 719 883 Graeci
735 842 928 897 Εὖῧυμίιιν
949 852 1111 883 vocant
1124 872 1137 892 ,
1161 837 1213 882 de
1229 854 1313 900 qua
1328 838 1429 884 De-

151 907 330 954 mocriti
357 908 570 955 volumen
589 908 812 971 egregium
832 907 891 955 est
911 925 921 953 :
942 924 1029 971 ego
1047 907 1428 971 Tranquillitatem
1446 924 1448 926 ’

153 996 290 1028 voco.
337 997 418 1028 nec
446 981 564 1027 enim
597 980 790 1038 imitari,
814 992 857 1026 et
885 979 1114 1027 transferre
1138 981 1271 1028 verba
1294 981 1347 1026 ad
1373 979 1429 1026 il'-

151 1051 294 1099 lorum
327 1051 521 1100 formam
552 1053 722 1120 necesse
747 1053 807 1099 est
829 1072 839 1100 :
861 1071 927 1101 res
947 1053 1059 1116 ipsa,
1087 1055 1141 1100 de
1159 1072 1241 1117 qtta
1260 1055 1427 1119 agitur,

145 1124 295 1187 aliquo
310 1125 511 1189 signanda
531 1126 711 1172 nomine
725 1125 786 1171 est
798 1162 810 1183 ,
831 1126 951 1188 quod
970 1127 1270 1189 appellationis
1283 1129 1425 1173 Grae-

146 1214 221 1244 cae
240 1198 335 1244 vim
360 1199 488 1246 debet
505 1199 661 1244 habere
675 1231 687 1254 ‚
714 1215 803 1245 non
824 1198 995 1245 faciem.
1016 1202 1132 1262 Ergo
1151 1200 1398 1262 quaerimus
1412 1203 1447 1246 ε’
1514 1207 1526 1223 '

144 1273 379 1333 quomodo
405 1273 573 1319 animus
596 1272 764 1334 semper
790 1270 1002 1345 aequalih·
1025 1273 1302 1334 secundoque
1323 1290 1423 1319 cur-

143 1344 189 1391 su
217 1357 314 1403 eat,
344 1347 650 1410 propitiusque
670 1345 744 1392 fibi
766 1346 834 1401 fir,
860 1357 901 1391 et
931 1341 1001 1391 sua
1021 1344 1155 1392 laetus
1182 1345 1387 1408 adspiciat
1408 1363 1426 1393 τ

142 1430 186 1465 et
215 1418 304 1465 hoc
330 1419 537 1482 gaudium
568 1436 658 1464 non
678 1420 993 1480 interrumpat,
1021 1418 1092 1464 sed
1114 1418 1285 1479 placido
1312 1417 1421 1464 statu

143 1505 342 1549 maneat,
367 1508 446 1538 nec
466 1490 664 1537 attollens
683 1492 724 1537 se
750 1506 941 1552 unquam
958 1525 971 1547 ‚
992 1505 1073 1535 nec
1093 1489 1354 1552 deprimens.
1375 1488 1424 1533 lcl

141 1563 448 1627 Tranquillitas
474 1564 569 1610 erit.
592 1563 843 1623 Quomodo
863 1561 916 1607 ad
942 1560 1051 1608 hanc
1077 1560 1298 1623 perveniri
1318 1560 1422 1628 pos·

141 1639 220 1693 fit,
251 1637 297 1684 in
325 1637 578 1684 universum
610 1652 893 1700 quaeramus:
916 1635 1057 1682 sumes
1082 1648 1128 1681 tu
1157 1651 1211 1682 ex
1238 1628 1422 1698 publico

140 1702 367 1767 remedio}
391 1723 600 1774 quantum
628 1711 771 1758 voles,
786 1711 956 1756 Totum
987 1708 1161 1755 interim
1190 1708 1344 1755 vitium
1372 1708 1447 1754 in*

139 1784 334 1832 medium
357 1785 697 1847 protrahendum
718 1783 778 1830 est
801 1800 880 1830 :ex
910 1799 1003 1847 quo
1029 1782 1268 1846 ,cognoscet
1293 1781 1419 1845 quia-

139 1877 226 1923 que
253 1872 423 1922 partem
455 1861 573 1906 fuam
604 1879 615 1906 ε
644 1860 765 1906 fimul
799 1873 843 1906 tu
866 1860 1102 1922 intelliges,
1133 1871 1296 1922 quanto
1329 1857 1417 1903 mi-

137 1948 220 1977 nus
248 1931 414 1994 negotii
441 1931 597 1979 habeas
627 1950 725 1979 cum
756 1931 930 1979 fastidio
957 1931 1053 1990 tui,
1084 1948 1222 1994 quam
1239 1931 1282 1977 hi
1304 1946 1418 1994 quos

139 2005 193 2051 ad
213 2004 529 2067 profeffionem
548 2006 783 2068 speciosam
799 2004 1010 2067 a·lligat05‚
1025 2016 1067 2051 et
1085 2004 1161 2050 sub
1178 2004 1341 2067 ingenti
1358 2003 1419 2048 ti·
1437 2028 1441 2035 ι

136 2081 230 2127 tulo
247 2079 511 2137 laborantes,
526 2080 569 2126 in
584 2080 610 2126 s
605 2098 655 2126 ua
672 2079 942 2126 simulatione
956 2079 1100 2141 pudor
1113 2078 1266 2140 magis,
1283 2095 1416 2125 Quam

135 2150 337 2198 volunt-as
356 2164 489 2199 tenet.
508 2154 677 2199 Omnes
693 2153 737 2198 in
757 2152 908 2198 eadem
931 2151 1054 2198 causa
1074 2150 1191 2208 sunt,
1212 2163 1254 2197 et
1273 2150 1318 2196 hi
1336 2149 1437 2213 qui·-

133 2223 311 2271 levitate
329 2237 572 2285 vexantur,
601 2242 651 2273 ac
676 2226 825 2273 taedio
842 2260 857 2281 ‚
890 2224 1136 2286 affiduaque
1170 2221 1416 2268 mutatione

131 2293 346 2358 propofiti
364 2331 377 2350 ‚
401 2297 559 2358 quibus
582 2296 750 2360 sempe}e
768 2295 904 2359 magis
922 2295 1062 2356 placet
1081 2293 1206 2356 quod
1225 2292 1418 2355 relique-⁸.

131 2381 267 2414 runt.
287 2379 330 2413 et
346 2366 406 2413 ill]
422 2386 536 2432 qut
547 2382 742 2417 marcent
765 2384 810 2417 et
831 2367 1084 2414 oscitantur.
1113 2363 1269 2412 Adiice
1289 2364 1414 2421 illos,

132 2441 212 2506 qui
237 2456 328 2488 non
363 2441 514 2503 aliter,
541 2458 675 2508 quam
703 2443 860 2509 quibus
892 2438 1084 2489 difficilis
1110 2437 1297 2486 somnus
1320 2438 1414 2497 est,

1038 2505 1148 2565 (24
